Trd, 000030.120, 75.0
Trd, 000030.280, 111.0
Trd, 000030.600, 83
Trd, 000031.100, 97
Trd, 000031.340, 77
Trd, 000031.580, 99
Trd, 000031.660, 91.0
Trd, 000032.260, 86
Trd, 000033.640, 87.0
Trd, 000034.380, 82
Trd, 000034.740, 112.0
Trd, 000053.140, 113
Trd, 000060.200, 112
Trd, 000060.440, 116
Trd, 000061.600, 104.0
Trd, 000061.620, 109
Trd, 000061.640, 112.0
Trd, 000063.520, 104.0
Trd, 000063.940, 101.0
Trd, 000063.960, 112
Trd, 000064.600, 100.0
Trd, 000073.220, 101
Trd, 000075.080, 116
Trd, 000089.660, 91.0
Trd, 000090.160, 110
Trd, 000090.440, 83
Trd, 000091.540, 87.0
Trd, 000092.320, 87
Trd, 000092.760, 91.0
Trd, 000093.100, 91
Trd, 000093.700, 89
Trd, 000096.580, 95.0
Trd, 000100.160, 99
Trd, 000102.000, 100.0
Trd, 000104.400, 99
Trd, 000106.180, 112.0
Trd, 000115.580, 101
Trd, 000120.200, 87.0
Trd, 000120.380, 91.0
Trd, 000120.680, 100.0
Trd, 000121.520, 130.0
Trd, 000122.120, 114
Trd, 000125.180, 115
Trd, 000126.240, 116
Trd, 000127.340, 115
Trd, 000128.320, 114
Trd, 000137.000, 112.0
Trd, 000137.600, 113
Trd, 000150.520, 87.0
Trd, 000151.000, 95.0
Trd, 000151.040, 89
Trd, 000151.520, 111.0
Trd, 000151.980, 94
Trd, 000153.800, 102
Trd, 000153.900, 112.0
Trd, 000155.400, 97
Trd, 000155.840, 106
Trd, 000159.580, 113
Trd, 000160.160, 91.0
Trd, 000164.360, 103
Trd, 000165.880, 86
Trd, 000180.560, 87.0
Trd, 000181.120, 120.0
Trd, 000181.320, 113
Trd, 000182.440, 112
Trd, 000183.320, 112.0
Trd, 000185.260, 104
Trd, 000185.540, 102.0
Trd, 000186.360, 104
Trd, 000187.780, 104
Trd, 000190.540, 112.0
Trd, 000192.600, 100.0
Trd, 000196.320, 111
Trd, 000210.660, 103
Trd, 000210.860, 108
Trd, 000210.900, 107
Trd, 000211.260, 107
Trd, 000211.360, 103
Trd, 000212.060, 116
Trd, 000213.420, 114
Trd, 000214.160, 111
Trd, 000221.540, 100.0
Trd, 000223.240, 104
Trd, 000231.800, 91.0
Trd, 000240.260, 120
Trd, 000240.460, 87.0
Trd, 000240.940, 106
Trd, 000241.060, 120
Trd, 000241.880, 109
Trd, 000243.820, 108
Trd, 000244.100, 108
Trd, 000245.140, 109
Trd, 000246.400, 110
Trd, 000250.360, 108
Trd, 000263.640, 100.0
Trd, 000270.380, 120.0
Trd, 000270.500, 85
Trd, 000270.800, 114
Trd, 000271.420, 113.0
Trd, 000271.640, 113
Trd, 000274.300, 113
Trd, 000274.580, 112.0
Trd, 000275.360, 112
Trd, 000275.720, 112
Trd, 000284.920, 109
Trd, 000292.300, 100.0
Trd, 000300.360, 115
Trd, 000300.680, 75.0
Trd, 000300.880, 95.0
Trd, 000300.920, 100.0
Trd, 000301.260, 115
Trd, 000301.800, 106.0
Trd, 000301.860, 107
Trd, 000302.380, 107.0
Trd, 000302.660, 107
Trd, 000304.080, 100
Trd, 000313.560, 100.0
Trd, 000323.040, 109
Trd, 000330.600, 104
Trd, 000330.860, 93
Trd, 000331.120, 100.0
Trd, 000331.600, 104
Trd, 000331.620, 103
Trd, 000331.660, 101
Trd, 000331.800, 105
Trd, 000334.580, 97
Trd, 000336.480, 97
Trd, 000340.260, 112.0
Trd, 000344.060, 114
Trd, 000360.920, 120.0
Trd, 000361.540, 115
Trd, 000361.560, 114
Trd, 000361.700, 116
Trd, 000362.040, 111
Trd, 000364.540, 111
Trd, 000364.980, 110
Trd, 000366.520, 111
Trd, 000369.240, 104
Trd, 000390.520, 86
Trd, 000390.720, 100.0
Trd, 000391.260, 122
Trd, 000391.300, 121
Trd, 000391.740, 119
Trd, 000392.660, 113
Trd, 000393.420, 114
Trd, 000394.400, 114
Trd, 000397.240, 112.0
Trd, 000401.120, 93
Trd, 000401.680, 112.0
Trd, 000420.480, 122
Trd, 000420.680, 75.0
Trd, 000420.860, 91.0
Trd, 000420.960, 95.0
Trd, 000421.440, 87
Trd, 000421.960, 92
Trd, 000422.280, 100.0
Trd, 000422.540, 92
Trd, 000422.760, 112.0
Trd, 000426.040, 103
Trd, 000430.320, 103
Trd, 000432.000, 98
Trd, 000432.340, 91.0
Trd, 000450.700, 102
Trd, 000451.260, 78
Trd, 000451.300, 87.0
Trd, 000451.780, 90
Trd, 000452.040, 83
Trd, 000452.460, 91.0
Trd, 000452.500, 95.0
Trd, 000452.640, 100.0
Trd, 000453.540, 112.0
Trd, 000455.080, 94
Trd, 000456.580, 96
Trd, 000462.820, 105
Trd, 000471.140, 91.0
Trd, 000480.680, 98
Trd, 000480.720, 100
Trd, 000480.960, 91.0
Trd, 000481.300, 93
Trd, 000481.560, 92
Trd, 000481.660, 95.0
Trd, 000481.720, 111.0
Trd, 000484.500, 95
Trd, 000491.720, 112.0
Trd, 000500.480, 112.0
Trd, 000503.080, 97
Trd, 000503.280, 91.0
Trd, 000510.860, 91
Trd, 000511.520, 102.0
Trd, 000511.820, 102.0
Trd, 000512.060, 108
Trd, 000512.320, 108
Trd, 000512.360, 102
Trd, 000515.020, 101
Trd, 000515.680, 102
Trd, 000524.020, 112.0
Trd, 000525.480, 116
Trd, 000530.740, 108
Trd, 000531.600, 101
Trd, 000531.920, 100.0
Trd, 000540.740, 120.0
Trd, 000541.420, 101.0
Trd, 000542.420, 103.0
Trd, 000543.500, 103
Trd, 000543.860, 103.0
Trd, 000545.300, 103
Trd, 000545.360, 103
Trd, 000545.400, 102
Trd, 000546.380, 105
Trd, 000548.340, 101
Trd, 000548.780, 100.0
Trd, 000570.800, 120.0
Trd, 000571.040, 105
Trd, 000571.500, 106
Trd, 000571.980, 106
Trd, 000572.340, 107
Trd, 000572.760, 106
Trd, 000574.280, 107
Trd, 000574.920, 105
Trd, 000577.300, 112.0
Trd, 000583.860, 100.0
Trd, 000584.100, 116
Trd, 000584.540, 91.0
Trd, 000591.580, 120
Trd, 000594.700, 100
Trd, 000597.860, 84
Trd, 000601.240, 100.0
Trd, 000602.360, 100
Trd, 000602.460, 101
Trd, 000602.620, 99
Trd, 000602.880, 94.0
Trd, 000603.240, 93.0
Trd, 000603.260, 91.0
Trd, 000604.960, 102
Trd, 000605.780, 96
Trd, 000608.020, 112.0
Trd, 000612.840, 100
Trd, 000614.540, 114
Trd, 000630.760, 92
Trd, 000630.840, 100.0
Trd, 000631.240, 120.0
Trd, 000631.860, 88
Trd, 000631.940, 92
Trd, 000632.040, 91.0
Trd, 000634.620, 112.0
Trd, 000635.140, 112
Trd, 000636.060, 111.0
Trd, 000641.940, 91.0
Trd, 000644.100, 112.0
Trd, 000656.820, 116
Trd, 000660.840, 87.0
Trd, 000660.980, 111
Trd, 000661.260, 76
Trd, 000661.640, 96
Trd, 000662.940, 100
Trd, 000663.180, 100.0
Trd, 000663.460, 104
Trd, 000665.700, 102
Trd, 000669.120, 112.0
Trd, 000671.900, 111
Trd, 000681.460, 116
Trd, 000683.180, 112.0
Trd, 000684.320, 91.0
Trd, 000690.900, 91.0
Trd, 000691.360, 101.0
Trd, 000691.680, 113
Trd, 000691.700, 101.0
Trd, 000692.000, 115
Trd, 000692.020, 103
Trd, 000692.160, 100.0
Trd, 000693.480, 101
Trd, 000693.780, 100
Trd, 000696.140, 112.0
Trd, 000696.360, 99
Trd, 000703.600, 106
Trd, 000721.320, 85
Trd, 000721.580, 87.0
Trd, 000722.020, 91.0
Trd, 000723.100, 90
Trd, 000723.360, 91
Trd, 000724.500, 95.0
Trd, 000724.520, 100.0
Trd, 000725.800, 112.0
Trd, 000726.540, 98
Trd, 000728.660, 116
Trd, 000737.020, 105
Trd, 000750.960, 116
Trd, 000751.520, 112.0
Trd, 000751.580, 101.0
Trd, 000751.600, 100.0
Trd, 000752.040, 111
Trd, 000753.500, 106
Trd, 000753.540, 104
Trd, 000755.020, 105
Trd, 000756.220, 105
Trd, 000760.500, 91.0
Trd, 000762.300, 97
Trd, 000762.320, 97
Trd, 000767.560, 89
Trd, 000781.200, 120.0
Trd, 000781.320, 120
Trd, 000781.540, 113.0
Trd, 000781.900, 112.0
Trd, 000781.920, 91.0
Trd, 000781.980, 82
Trd, 000782.560, 105
Trd, 000786.340, 109
Trd, 000786.700, 111.0
Trd, 000787.640, 108
Trd, 000791.260, 112.0
Trd, 000797.900, 105
Trd, 000811.080, 86
Trd, 000811.380, 91.0
Trd, 000811.420, 98
Trd, 000811.620, 87.0
Trd, 000811.680, 101
Trd, 000811.820, 93
Trd, 000813.040, 95.0
Trd, 000815.680, 100.0
Trd, 000816.100, 112.0
Trd, 000817.060, 104
Trd, 000824.220, 116
Trd, 000827.480, 114
Trd, 000836.880, 94
Trd, 000841.500, 90
Trd, 000841.520, 91.0
Trd, 000842.100, 100
Trd, 000842.180, 91.0
Trd, 000842.360, 93
Trd, 000842.500, 101
Trd, 000845.820, 108
Trd, 000848.480, 110
Trd, 000848.860, 112.0
Trd, 000855.820, 121
Trd, 000858.120, 109
Trd, 000863.080, 100.0
Trd, 000871.780, 115
Trd, 000872.040, 112.0
Trd, 000872.480, 112
Trd, 000873.060, 111
Trd, 000873.120, 112
Trd, 000873.400, 110
Trd, 000874.800, 101
Trd, 000875.300, 112
Trd, 000878.100, 106.0
Trd, 000888.320, 113
Trd, 000901.280, 126
Trd, 000901.560, 117
Trd, 000901.780, 116
Trd, 000902.240, 116
Trd, 000902.400, 115
Trd, 000902.600, 114
Trd, 000902.860, 112.0
Trd, 000903.900, 114
Trd, 000906.900, 116
Trd, 000907.880, 100.0
Trd, 000931.380, 111
Trd, 000931.580, 100.0
Trd, 000931.840, 91.0
Trd, 000933.020, 107
Trd, 000933.060, 109
Trd, 000934.200, 110
Trd, 000934.960, 111
Trd, 000935.920, 110
Trd, 000937.640, 112.0
Trd, 000941.360, 116
Trd, 000947.120, 92
Trd, 000947.640, 120
Trd, 000955.540, 99
Trd, 000961.360, 101.0
Trd, 000961.840, 104
Trd, 000963.000, 107
Trd, 000964.040, 106
Trd, 000964.440, 106
Trd, 000964.740, 107
Trd, 000965.220, 103
Trd, 000972.260, 107
Trd, 000975.580, 112.0
Trd, 000989.500, 104
Trd, 000991.220, 110
Trd, 000991.540, 121.0
Trd, 000993.260, 122.0
Trd, 000993.280, 120.0
Trd, 000994.640, 114
Trd, 000994.700, 121.0
Trd, 000995.600, 112.0
Trd, 000996.780, 119
Trd, 000999.960, 100.0
Trd, 001000.580, 112
Trd, 001006.180, 118.0
Trd, 001013.180, 99
Trd, 001021.280, 69
Trd, 001021.540, 98
Trd, 001021.720, 87.0
Trd, 001022.120, 89
Trd, 001023.140, 91.0
Trd, 001024.760, 94
Trd, 001025.460, 95.0
Trd, 001026.400, 100.0
Trd, 001031.320, 112.0
Trd, 001040.280, 118
Trd, 001046.720, 115
Trd, 001051.420, 113
Trd, 001052.920, 120.0
Trd, 001053.360, 116
Trd, 001053.540, 115
Trd, 001053.740, 115
Trd, 001054.440, 112.0
Trd, 001055.320, 111
Trd, 001055.720, 117
Trd, 001057.220, 100.0
Trd, 001060.200, 91.0
Trd, 001062.160, 102
Trd, 001062.520, 103
Trd, 001081.460, 75.0
Trd, 001081.500, 91.0
Trd, 001082.200, 120.0
Trd, 001082.780, 121.0
Trd, 001083.200, 107
Trd, 001083.520, 108
Trd, 001083.660, 122
Trd, 001083.980, 107
Trd, 001086.540, 117
Trd, 001087.220, 116
Trd, 001093.040, 100.0
Trd, 001093.140, 91.0
Trd, 001111.480, 77
Trd, 001111.620, 120
Trd, 001111.640, 114
Trd, 001111.920, 91.0
Trd, 001112.340, 105
Trd, 001112.760, 102.0
Trd, 001113.080, 102.0
Trd, 001113.700, 103
Trd, 001115.560, 102
Trd, 001115.820, 101
Trd, 001122.100, 100.0
Trd, 001126.140, 103
Trd, 001140.680, 97
Trd, 001141.640, 87.0
Trd, 001141.960, 99
Trd, 001142.220, 91
Trd, 001142.300, 99.0
Trd, 001142.500, 100.0
Trd, 001143.080, 96
Trd, 001143.900, 112.0
Trd, 001148.520, 112
Trd, 001161.320, 125.0
Trd, 001165.500, 119
Trd, 001169.860, 91.0
Trd, 001172.000, 124
Trd, 001172.120, 122
Trd, 001172.980, 120.0
Trd, 001173.000, 115
Trd, 001174.720, 116
Trd, 001177.480, 112.0
Trd, 001179.000, 103
Trd, 001181.760, 108
Trd, 001184.740, 100.0
Trd, 001190.000, 91.0
Trd, 001196.240, 100
Trd, 001201.660, 120.0
Trd, 001202.120, 124
Trd, 001202.180, 106
Trd, 001202.260, 94
Trd, 001202.440, 91.0
Trd, 001205.520, 109
Trd, 001206.120, 111
Trd, 001206.160, 112.0
Trd, 001207.380, 110
Trd, 001212.020, 110
Trd, 001231.760, 110
Trd, 001231.820, 120.0
Trd, 001232.000, 114
Trd, 001232.360, 113
Trd, 001232.400, 112
Trd, 001232.460, 111
Trd, 001232.840, 118
Trd, 001235.740, 116
Trd, 001237.680, 101
Trd, 001246.940, 105
Trd, 001253.160, 100.0
Trd, 001261.640, 105
Trd, 001261.840, 91.0
Trd, 001261.940, 95.0
Trd, 001262.260, 100.0
Trd, 001262.500, 96
Trd, 001262.720, 103
Trd, 001263.420, 106
Trd, 001266.900, 112.0
Trd, 001270.740, 108
Trd, 001275.720, 118
Trd, 001291.900, 91
Trd, 001291.920, 100.0
Trd, 001291.940, 88
Trd, 001292.100, 87
Trd, 001292.740, 98
Trd, 001293.280, 102
Trd, 001293.320, 103
Trd, 001293.340, 101
Trd, 001294.020, 102
Trd, 001295.500, 110
Trd, 001298.200, 112.0
Trd, 001309.840, 116
Trd, 001319.860, 114
Trd, 001321.760, 111
Trd, 001322.020, 121.0
Trd, 001322.080, 120.0
Trd, 001322.240, 100.0
Trd, 001322.460, 116
Trd, 001322.740, 116
Trd, 001324.140, 113
Trd, 001327.260, 112.0
Trd, 001328.540, 111
Trd, 001330.300, 91.0
Trd, 001352.000, 87.0
Trd, 001352.580, 89
Trd, 001352.820, 120.0
Trd, 001353.620, 112
Trd, 001353.800, 120.0
Trd, 001354.200, 107
Trd, 001356.260, 111
Trd, 001359.040, 111
Trd, 001368.180, 100.0
Trd, 001374.120, 105
Trd, 001375.920, 102
Trd, 001378.540, 98
Trd, 001381.760, 89
Trd, 001381.860, 77
Trd, 001382.020, 91.0
Trd, 001382.180, 100.0
Trd, 001383.820, 104
Trd, 001384.280, 112.0
Trd, 001384.880, 105
Trd, 001387.900, 121
Trd, 001388.080, 121
Trd, 001388.560, 121
Trd, 001389.260, 115
Trd, 001411.940, 87.0
Trd, 001412.240, 75.0
Trd, 001412.500, 91.0
Trd, 001412.520, 100.0
Trd, 001412.780, 96
Trd, 001413.160, 95
Trd, 001413.600, 112.0
Trd, 001414.860, 109
Trd, 001418.760, 112.0
Trd, 001419.380, 112
Trd, 001420.760, 116
Trd, 001431.400, 109
Trd, 001442.060, 83
Trd, 001442.260, 75.0
Trd, 001442.420, 87.0
Trd, 001442.520, 74
Trd, 001442.540, 91.0
Trd, 001442.580, 100.0
Trd, 001442.820, 73.0
Trd, 001443.580, 112.0
Trd, 001445.800, 97
Trd, 001446.240, 96
Trd, 001446.940, 102
Trd, 001450.940, 113
Trd, 001453.040, 116
Trd, 001460.680, 114
Trd, 001471.980, 120
Trd, 001472.100, 113
Trd, 001472.580, 114
Trd, 001472.760, 116
Trd, 001473.340, 113
Trd, 001473.800, 101.0
Trd, 001473.820, 100.0
Trd, 001475.020, 95
Trd, 001478.360, 103
Trd, 001479.600, 106
Trd, 001480.040, 97
Trd, 001484.460, 100.0
Trd, 001488.200, 91.0
Trd, 001494.500, 86
Trd, 001501.940, 120.0
Trd, 001502.280, 97
Trd, 001502.740, 101
Trd, 001503.020, 103
Trd, 001503.200, 100
Trd, 001503.840, 101
Trd, 001504.120, 100.0
Trd, 001504.940, 101
Trd, 001512.320, 107
Trd, 001513.500, 91
Trd, 001532.200, 87.0
Trd, 001532.600, 95.0
Trd, 001532.660, 100.0
Trd, 001532.840, 99
Trd, 001532.960, 95
Trd, 001535.780, 112.0
Trd, 001535.860, 110
Trd, 001537.100, 125.0
Trd, 001540.280, 116
Trd, 001543.940, 113
Trd, 001561.020, 100.0
Trd, 001562.240, 113
Trd, 001563.100, 120.0
Trd, 001564.760, 117
Trd, 001564.780, 116
Trd, 001565.300, 113
Trd, 001566.100, 117
Trd, 001569.300, 112.0
Trd, 001569.920, 112
Trd, 001571.480, 110
Trd, 001580.500, 108
Trd, 001584.400, 100.0
Trd, 001592.340, 115
Trd, 001592.520, 115
Trd, 001592.580, 106
Trd, 001592.940, 101.0
Trd, 001592.960, 100.0
Trd, 001593.880, 101
Trd, 001593.900, 110
Trd, 001594.640, 98
Trd, 001595.860, 101
Trd, 001599.280, 91.0
Trd, 001602.720, 100.0
Trd, 001603.860, 116
Trd, 001622.220, 75.0
Trd, 001622.320, 104
Trd, 001622.400, 108
Trd, 001623.380, 99
Trd, 001623.560, 100
Trd, 001625.100, 100
Trd, 001625.280, 101
Trd, 001625.400, 99
Trd, 001627.540, 99
Trd, 001632.500, 112.0
Trd, 001632.540, 116
Trd, 001652.120, 76
Trd, 001652.160, 111
Trd, 001652.520, 96
Trd, 001652.860, 98
Trd, 001654.400, 105
Trd, 001655.900, 101.0
Trd, 001656.400, 106
Trd, 001659.920, 107
Trd, 001662.420, 103
Trd, 001665.520, 102.0
Trd, 001670.240, 100.0
Trd, 001682.260, 103
Trd, 001682.320, 75.0
Trd, 001682.500, 100
Trd, 001682.860, 93
Trd, 001683.480, 93
Trd, 001683.500, 104
Trd, 001686.920, 103.0
Trd, 001688.220, 109.0
Trd, 001690.180, 112.0
Trd, 001692.680, 104.0
Trd, 001695.640, 101
Trd, 001706.000, 100.0
Trd, 001712.440, 120.0
Trd, 001712.780, 119
Trd, 001712.840, 117
Trd, 001713.280, 112.0
Trd, 001713.800, 100.0
Trd, 001713.980, 98
Trd, 001714.220, 108
Trd, 001715.220, 111
Trd, 001717.940, 108
Trd, 001721.440, 107
Trd, 001723.900, 105
Trd, 001742.300, 105
Trd, 001742.400, 107
Trd, 001742.800, 101.0
Trd, 001743.140, 101.0
Trd, 001743.220, 106
Trd, 001744.180, 101.0
Trd, 001744.680, 105
Trd, 001747.100, 102
Trd, 001749.320, 106
Trd, 001751.620, 106
Trd, 001755.460, 100.0
Trd, 001763.780, 112.0
Trd, 001772.460, 87.0
Trd, 001772.820, 108
Trd, 001773.100, 107
Trd, 001773.260, 101
Trd, 001774.520, 109
Trd, 001775.140, 110
Trd, 001775.620, 109
Trd, 001781.140, 107
Trd, 001781.720, 112.0
Trd, 001782.540, 116
Trd, 001782.600, 100.0
Trd, 001787.820, 91.0
Trd, 001797.820, 97
Trd, 001802.500, 120.0
Trd, 001802.980, 100.0
Trd, 001803.480, 105
Trd, 001803.960, 103
Trd, 001804.140, 92
Trd, 001804.340, 104
Trd, 001806.060, 104
Trd, 001807.540, 103
Trd, 001810.100, 112.0
Trd, 001813.960, 115
Trd, 001817.220, 112.0
Trd, 001823.360, 112
Trd, 001826.380, 91.0
Trd, 001832.460, 100.0
Trd, 001832.760, 99
Trd, 001832.800, 104
Trd, 001833.120, 103
Trd, 001833.160, 104
Trd, 001834.040, 101
Trd, 001834.600, 105
Trd, 001836.180, 110
Trd, 001839.520, 112.0
Trd, 001840.240, 116
Trd, 001844.140, 108
Trd, 001855.060, 91.0
Trd, 001862.660, 101
Trd, 001862.880, 103
Trd, 001863.040, 105
Trd, 001863.360, 105
Trd, 001865.320, 109
Trd, 001865.720, 108
Trd, 001866.880, 110.0
Trd, 001867.240, 110
Trd, 001868.660, 108
Trd, 001873.460, 102
Trd, 001878.100, 112.0
Trd, 001893.140, 109
Trd, 001893.600, 117
Trd, 001893.740, 108
Trd, 001893.760, 107
Trd, 001893.960, 118
Trd, 001894.820, 106
Trd, 001896.240, 101.0
Trd, 001899.240, 109
Trd, 001900.080, 100.0
Trd, 001911.560, 91.0
Trd, 001922.760, 91
Trd, 001922.860, 98
Trd, 001923.180, 86
Trd, 001923.640, 100.0
Trd, 001924.120, 99
Trd, 001924.180, 111.0
Trd, 001926.360, 104
Trd, 001926.400, 103
Trd, 001928.840, 107
Trd, 001930.800, 112.0
Trd, 001936.140, 106
Trd, 001938.900, 116
Trd, 001941.080, 105
Trd, 001952.880, 91.0
Trd, 001953.020, 79
Trd, 001953.040, 95.0
Trd, 001953.120, 108
Trd, 001953.780, 115
Trd, 001954.120, 104
Trd, 001954.760, 107
Trd, 001955.480, 103
Trd, 001957.000, 109
Trd, 001959.980, 112
Trd, 001968.280, 98
Trd, 001975.420, 95
Trd, 001982.580, 80
Trd, 001982.820, 92
Trd, 001983.240, 100
Trd, 001984.080, 102
Trd, 001985.620, 106
Trd, 001985.920, 106
Trd, 001989.080, 106
Trd, 001991.680, 100.0
Trd, 001994.380, 102
Trd, 001995.380, 112.0
Trd, 002012.800, 104
Trd, 002012.900, 92.0
Trd, 002013.240, 103
Trd, 002013.260, 91.0
Trd, 002014.180, 102
Trd, 002014.540, 102
Trd, 002014.780, 102.0
Trd, 002015.320, 101.0
Trd, 002015.660, 100.0
Trd, 002016.220, 108
Trd, 002017.800, 99
Trd, 002018.860, 88
Trd, 002022.640, 112.0
Trd, 002032.220, 86
Trd, 002042.820, 74
Trd, 002042.860, 75.0
Trd, 002043.200, 91.0
Trd, 002044.100, 85
Trd, 002044.600, 87.0
Trd, 002046.480, 93
Trd, 002047.240, 95.0
Trd, 002048.800, 100.0
Trd, 002052.820, 106
Trd, 002054.460, 106
Trd, 002056.000, 112.0
Trd, 002067.820, 98
Trd, 002072.860, 82
Trd, 002072.960, 96
Trd, 002073.300, 115
Trd, 002073.660, 112
Trd, 002075.140, 106
Trd, 002076.000, 105
Trd, 002076.780, 104
Trd, 002079.620, 108.0
Trd, 002084.480, 112.0
Trd, 002088.480, 100.0
Trd, 002094.000, 91.0
Trd, 002098.940, 116
Trd, 002102.860, 100.0
Trd, 002103.080, 115
Trd, 002104.080, 109
Trd, 002104.720, 112
Trd, 002105.580, 112
Trd, 002106.080, 115
Trd, 002107.620, 111
Trd, 002107.680, 115
Trd, 002112.700, 115
Trd, 002122.600, 109
Trd, 002125.780, 101
Trd, 002130.760, 116
Trd, 002132.820, 100.0
Trd, 002132.840, 111
Trd, 002132.960, 79
Trd, 002133.300, 92
Trd, 002134.820, 101
Trd, 002136.020, 106
Trd, 002138.000, 104
Trd, 002138.520, 105
Trd, 002138.600, 112.0
Trd, 002142.980, 110
Trd, 002145.640, 114
Trd, 002149.700, 111
Trd, 002150.540, 109
Trd, 002162.980, 82
Trd, 002163.040, 91.0
Trd, 002163.360, 100.0
Trd, 002164.800, 106
Trd, 002165.820, 112.0
Trd, 002166.960, 108
Trd, 002168.280, 109
Trd, 002172.840, 114
Trd, 002173.020, 112
Trd, 002177.820, 106
Trd, 002193.020, 106
Trd, 002193.220, 87.0
Trd, 002193.440, 83
Trd, 002193.700, 80
Trd, 002193.880, 104
Trd, 002194.280, 93
Trd, 002194.880, 116
Trd, 002194.900, 102
Trd, 002197.200, 102
Trd, 002197.220, 103
Trd, 002200.080, 91.0
Trd, 002203.560, 112.0
Trd, 002211.720, 111
Trd, 002220.520, 121
Trd, 002223.400, 82
Trd, 002223.420, 91.0
Trd, 002223.500, 100.0
Trd, 002224.100, 99
Trd, 002224.400, 109
Trd, 002224.680, 93
Trd, 002224.880, 93
Trd, 002225.640, 96
Trd, 002226.340, 97
Trd, 002226.900, 91.0
Trd, 002227.560, 112.0
Trd, 002230.540, 116
Trd, 002248.980, 94
Trd, 002252.960, 99
Trd, 002253.100, 100
Trd, 002253.560, 100
Trd, 002253.620, 99
Trd, 002254.120, 100
Trd, 002254.140, 116
Trd, 002254.240, 114
Trd, 002255.420, 121
Trd, 002255.600, 120.0
Trd, 002255.800, 101
Trd, 002262.000, 108
Trd, 002266.540, 113.0
Trd, 002276.820, 91.0
Trd, 002282.960, 91.0
Trd, 002283.320, 124
Trd, 002283.560, 121.0
Trd, 002284.140, 121.0
Trd, 002285.820, 120.0
Trd, 002287.760, 118.0
Trd, 002287.880, 112.0
Trd, 002288.780, 100.0
Trd, 002291.640, 100
Trd, 002293.620, 101
Trd, 002295.460, 102
Trd, 002313.400, 89
Trd, 002313.480, 91.0
Trd, 002313.620, 103
Trd, 002314.040, 104
Trd, 002314.220, 116
Trd, 002316.340, 106
Trd, 002317.540, 111
Trd, 002317.880, 111
Trd, 002322.220, 112.0
Trd, 002326.280, 97
Trd, 002331.300, 116
Trd, 002332.460, 91.0
Trd, 002343.100, 126
Trd, 002343.200, 91.0
Trd, 002343.380, 119
Trd, 002343.900, 100.0
Trd, 002344.480, 87
Trd, 002344.900, 110
Trd, 002346.560, 106
Trd, 002346.820, 110
Trd, 002347.500, 107
Trd, 002354.320, 110
Trd, 002354.860, 112.0
Trd, 002373.300, 75.0
Trd, 002373.480, 101
Trd, 002373.640, 91.0
Trd, 002374.100, 115
Trd, 002374.840, 87.0
Trd, 002375.140, 95
Trd, 002376.860, 107
Trd, 002377.760, 109
Trd, 002378.600, 109.0
Trd, 002380.220, 112.0
Trd, 002386.520, 116
Trd, 002396.640, 114
Trd, 002402.280, 85
Trd, 002403.260, 112
Trd, 002403.580, 107
Trd, 002403.800, 112
Trd, 002404.360, 107
Trd, 002405.360, 106
Trd, 002405.760, 101.0
Trd, 002407.100, 100.0
Trd, 002410.980, 99
Trd, 002412.660, 99
Trd, 002413.540, 104
Trd, 002416.780, 103
Trd, 002420.440, 97
Trd, 002433.380, 84
Trd, 002433.660, 97
Trd, 002433.980, 91.0
Trd, 002434.300, 87.0
Trd, 002434.340, 89
Trd, 002435.320, 88
Trd, 002435.360, 95.0
Trd, 002436.320, 100.0
Trd, 002436.740, 90
Trd, 002441.860, 105
Trd, 002445.860, 112.0
Trd, 002449.540, 116
Trd, 002463.740, 100.0
Trd, 002463.840, 104
Trd, 002463.860, 104
Trd, 002463.900, 94
Trd, 002464.100, 120
Trd, 002464.180, 94
Trd, 002464.620, 120.0
Trd, 002464.860, 97
Trd, 002468.640, 111
Trd, 002470.060, 110
Trd, 002471.260, 106
Trd, 002473.120, 112.0
Trd, 002475.420, 91.0
Trd, 002487.080, 85
Trd, 002493.700, 120.0
Trd, 002494.020, 113.0
Trd, 002494.540, 112
Trd, 002494.560, 112.0
Trd, 002497.000, 110
Trd, 002500.360, 107
Trd, 002501.540, 107
Trd, 002502.540, 100.0
Trd, 002504.680, 107
Trd, 002506.400, 108
Trd, 002507.140, 112.0
Trd, 002523.340, 114
Trd, 002523.380, 100.0
Trd, 002523.520, 91.0
Trd, 002523.940, 123.0
Trd, 002524.180, 120.0
Trd, 002524.540, 116
Trd, 002525.240, 112.0
Trd, 002526.380, 105
Trd, 002529.980, 104
Trd, 002532.980, 98
Trd, 002533.600, 100
Trd, 002553.460, 120.0
Trd, 002553.600, 106
Trd, 002554.040, 105
Trd, 002554.440, 107
Trd, 002554.800, 111.0
Trd, 002555.160, 108
Trd, 002555.180, 110
Trd, 002555.380, 106
Trd, 002556.500, 110
Trd, 002557.260, 101.0
Trd, 002583.400, 81
Trd, 002583.440, 91.0
Trd, 002584.100, 102
Trd, 002584.660, 102
Trd, 002586.400, 107
Trd, 002587.340, 107
Trd, 002588.100, 106
Trd, 002589.460, 100.0
Trd, 002592.920, 106
Trd, 002599.660, 105
Trd, 002604.740, 112.0
Trd, 002613.500, 109
Trd, 002613.920, 105
Trd, 002614.000, 100.0
Trd, 002614.440, 104
Trd, 002614.780, 104
Trd, 002615.620, 103
Trd, 002616.020, 103
Trd, 002621.100, 112.0
Trd, 002621.160, 107
Trd, 002628.040, 116
Trd, 002631.120, 91.0
Trd, 002643.640, 116
Trd, 002643.840, 115
Trd, 002643.880, 110
Trd, 002644.060, 117
Trd, 002646.460, 112
Trd, 002646.480, 113
Trd, 002647.280, 112
Trd, 002650.560, 110
Trd, 002662.640, 100.0
Trd, 002663.800, 116
Trd, 002673.600, 120.0
Trd, 002673.640, 113.0
Trd, 002673.660, 112.0
Trd, 002674.820, 111
Trd, 002675.180, 106
Trd, 002676.120, 102.0
Trd, 002676.540, 108
Trd, 002687.260, 108
Trd, 002688.100, 100.0
Trd, 002697.280, 112.0
Trd, 002703.880, 87.0
Trd, 002704.220, 91.0
Trd, 002704.420, 90
Trd, 002704.740, 91
Trd, 002704.840, 95.0
Trd, 002705.460, 95
Trd, 002706.300, 100.0
Trd, 002706.460, 112.0
Trd, 002707.360, 93
Trd, 002709.500, 93.0
Trd, 002724.080, 116
Trd, 002733.640, 109
Trd, 002733.660, 104
Trd, 002733.980, 105
Trd, 002734.140, 76
Trd, 002734.640, 108
Trd, 002734.760, 109
Trd, 002740.260, 111.0
Trd, 002743.040, 111.0
Trd, 002743.520, 112.0
Trd, 002755.380, 107
Trd, 002755.700, 100.0
Trd, 002763.600, 75.0
Trd, 002763.940, 99
Trd, 002763.960, 92
Trd, 002764.600, 107
Trd, 002766.180, 124
Trd, 002766.560, 123
Trd, 002767.040, 120
Trd, 002772.480, 120.0
Trd, 002775.020, 100.0
Trd, 002775.120, 92
Trd, 002777.540, 115
Trd, 002783.440, 115
Trd, 002793.720, 91.0
Trd, 002793.740, 119
Trd, 002793.940, 109
Trd, 002794.060, 107
Trd, 002797.480, 108
Trd, 002798.480, 106.0
Trd, 002798.900, 105.0
Trd, 002799.560, 106
Trd, 002802.180, 105.0
Trd, 002806.300, 100.0
Trd, 002811.640, 96
Trd, 002819.360, 91.0
Trd, 002823.680, 116
Trd, 002824.180, 112
Trd, 002824.660, 119
Trd, 002824.840, 111
Trd, 002824.900, 110
Trd, 002826.780, 110
Trd, 002826.860, 110
Trd, 002827.000, 109
Trd, 002827.940, 111
Trd, 002843.900, 108
Trd, 002854.000, 120.0
Trd, 002854.100, 110
Trd, 002854.540, 114
Trd, 002855.360, 112
Trd, 002855.560, 112
Trd, 002857.840, 110
Trd, 002860.080, 106
Trd, 002862.220, 104.0
Trd, 002864.660, 112.0
Trd, 002865.100, 104
Trd, 002873.080, 100.0
Trd, 002876.820, 91.0
Trd, 002879.840, 86
Trd, 002883.760, 75.0
Trd, 002884.060, 110.0
Trd, 002884.900, 110.0
Trd, 002885.180, 110
Trd, 002885.260, 109
Trd, 002887.620, 108
Trd, 002887.780, 112.0
Trd, 002891.460, 114
Trd, 002898.800, 100.0
Trd, 002898.980, 115
Trd, 002909.840, 91.0
Trd, 002912.240, 116
Trd, 002913.860, 75.0
Trd, 002913.960, 100.0
Trd, 002915.960, 122.0
Trd, 002916.320, 122.0
Trd, 002916.460, 123
Trd, 002917.520, 120.0
Trd, 002918.300, 120
Trd, 002922.660, 120
Trd, 002923.840, 114
Trd, 002926.520, 121
Trd, 002927.620, 112.0
Trd, 002928.900, 102
Trd, 002941.440, 119
Trd, 002943.760, 91.0
Trd, 002943.900, 117
Trd, 002943.940, 96
Trd, 002943.980, 120.0
Trd, 002945.440, 107
Trd, 002946.660, 113
Trd, 002946.880, 112
Trd, 002948.380, 110
Trd, 002948.620, 112
Trd, 002952.440, 111
Trd, 002963.060, 109
Trd, 002964.740, 100.0
Trd, 002974.000, 131
Trd, 002974.300, 131
Trd, 002974.720, 120.0
Trd, 002974.920, 112.0
Trd, 002975.180, 108
Trd, 002975.220, 124
Trd, 002975.740, 119
Trd, 002977.980, 107
Trd, 002979.420, 100.0
Trd, 002982.480, 100.0
Trd, 002983.840, 101
Trd, 002984.600, 91.0
Trd, 002986.380, 101
Trd, 003003.840, 125.0
Trd, 003004.160, 108
Trd, 003004.260, 108
Trd, 003004.460, 107
Trd, 003004.540, 111
Trd, 003004.640, 106
Trd, 003005.140, 100.0
Trd, 003005.900, 82
Trd, 003008.180, 107
Trd, 003009.080, 107
Trd, 003012.060, 112.0
Trd, 003018.600, 98
Trd, 003034.040, 75.0
Trd, 003034.600, 120.0
Trd, 003034.920, 112
Trd, 003035.460, 111
Trd, 003035.560, 110
Trd, 003036.760, 107
Trd, 003037.640, 107
Trd, 003037.800, 107
Trd, 003037.820, 106
Trd, 003038.200, 112.0
Trd, 003056.200, 100.0
Trd, 003064.300, 104
Trd, 003064.980, 87.0
Trd, 003065.020, 85
Trd, 003065.280, 91.0
Trd, 003065.620, 91
Trd, 003066.080, 92
Trd, 003066.440, 95.0
Trd, 003067.700, 99
Trd, 003068.160, 100.0
Trd, 003068.460, 95
Trd, 003074.940, 112.0
Trd, 003088.020, 116
Trd, 003094.100, 112
Trd, 003094.180, 100.0
Trd, 003094.380, 101
Trd, 003094.440, 110
Trd, 003095.480, 87.0
Trd, 003095.680, 91.0
Trd, 003098.340, 95.0
Trd, 003099.560, 100.0
Trd, 003100.080, 103
Trd, 003102.580, 112.0
Trd, 003107.140, 114.0
Trd, 003111.040, 114
Trd, 003120.940, 112.0
Trd, 003124.540, 87.0
Trd, 003124.700, 86
Trd, 003124.720, 92
Trd, 003125.080, 100.0
Trd, 003126.040, 92
Trd, 003126.260, 94
Trd, 003126.280, 95.0
Trd, 003126.680, 87
Trd, 003127.340, 100.0
Trd, 003127.800, 112.0
Trd, 003133.980, 116
Trd, 003134.400, 112.0
Trd, 003138.540, 91.0
Trd, 003140.500, 120
Trd, 003154.240, 102
Trd, 003154.380, 102
Trd, 003154.760, 102
Trd, 003155.300, 110
Trd, 003155.640, 102
Trd, 003155.720, 110
Trd, 003157.420, 110
Trd, 003160.400, 112
Trd, 003160.520, 112.0
Trd, 003170.100, 112
Trd, 003174.020, 105
Trd, 003184.440, 120.0
Trd, 003184.800, 115
Trd, 003184.820, 116
Trd, 003185.680, 115
Trd, 003186.060, 114
Trd, 003186.300, 113
Trd, 003186.560, 112
Trd, 003188.920, 104.0
Trd, 003189.620, 104
Trd, 003189.940, 100.0
Trd, 003192.200, 96
Trd, 003192.620, 100.0
Trd, 003204.940, 100
Trd, 003214.320, 63
Trd, 003214.480, 97
Trd, 003214.580, 76.0
Trd, 003214.600, 97
Trd, 003214.660, 98
Trd, 003215.000, 91.0
Trd, 003215.900, 100.0
Trd, 003216.160, 110
Trd, 003216.860, 112.0
Trd, 003225.500, 111
Trd, 003228.260, 113
Trd, 003229.300, 111
Trd, 003241.340, 91.0
Trd, 003244.400, 91.0
Trd, 003244.440, 120
Trd, 003244.620, 102
Trd, 003244.660, 96
Trd, 003244.740, 88
Trd, 003245.960, 102
Trd, 003246.380, 102
Trd, 003247.260, 102
Trd, 003248.220, 101
Trd, 003256.260, 102
Trd, 003261.200, 100.0
Trd, 003265.000, 112.0
Trd, 003274.740, 100.0
Trd, 003275.140, 101
Trd, 003275.340, 102
Trd, 003275.360, 105
Trd, 003276.640, 102
Trd, 003276.720, 101
Trd, 003277.440, 104
Trd, 003281.020, 104
Trd, 003281.760, 103
Trd, 003281.980, 105
Trd, 003284.840, 103
Trd, 003304.440, 100.0
Trd, 003304.800, 121
Trd, 003305.140, 114
Trd, 003305.340, 115
Trd, 003305.760, 116
Trd, 003306.660, 114
Trd, 003306.800, 113
Trd, 003308.740, 113
Trd, 003313.020, 112.0
Trd, 003313.980, 111
Trd, 003334.520, 91.0
Trd, 003334.860, 109
Trd, 003335.280, 120
Trd, 003335.880, 121.0
Trd, 003336.020, 121
Trd, 003336.900, 121.0
Trd, 003337.840, 120.0
Trd, 003341.660, 119
Trd, 003342.380, 118.0
Trd, 003351.460, 114
Trd, 003364.580, 87
Trd, 003364.820, 86
Trd, 003366.020, 107
Trd, 003366.180, 108
Trd, 003366.260, 109
Trd, 003366.520, 106
Trd, 003366.720, 105
Trd, 003369.320, 109
Trd, 003370.420, 110
Trd, 003372.620, 112.0
Trd, 003373.140, 110
Trd, 003379.620, 100.0
Trd, 003385.020, 94
Trd, 003394.560, 109
Trd, 003394.920, 102.0
Trd, 003394.960, 101.0
Trd, 003395.120, 116
Trd, 003395.300, 119
Trd, 003395.940, 114
Trd, 003398.140, 109
Trd, 003399.000, 105
Trd, 003399.080, 107
Trd, 003401.420, 104
Trd, 003413.440, 100.0
Trd, 003424.640, 106
Trd, 003425.140, 103
Trd, 003425.220, 102
Trd, 003425.380, 104
Trd, 003425.480, 104
Trd, 003425.680, 105
Trd, 003425.960, 106
Trd, 003427.240, 104
Trd, 003428.340, 100.0
Trd, 003437.980, 108
Trd, 003439.960, 112.0
Trd, 003454.680, 87.0
Trd, 003454.740, 95.0
Trd, 003455.200, 79
Trd, 003455.520, 80
Trd, 003455.860, 91.0
Trd, 003455.940, 95
Trd, 003456.160, 77
Trd, 003456.980, 113
Trd, 003462.140, 112.0
Trd, 003462.480, 116
Trd, 003466.840, 120
Trd, 003471.980, 123
Trd, 003473.520, 117
Trd, 003474.760, 112.0
Trd, 003484.640, 87.0
Trd, 003484.680, 119
Trd, 003484.740, 75.0
Trd, 003484.960, 91.0
Trd, 003485.160, 95.0
Trd, 003485.180, 100.0
Trd, 003485.420, 97
Trd, 003486.360, 90
Trd, 003487.060, 112.0
Trd, 003489.480, 118
Trd, 003499.400, 120
Trd, 003500.340, 115
Trd, 003500.720, 110
Trd, 003514.080, 91.0
Trd, 003515.160, 100.0
Trd, 003515.920, 100
Trd, 003516.180, 103
Trd, 003516.320, 91.0
Trd, 003516.380, 103
Trd, 003517.720, 100
Trd, 003518.000, 101
Trd, 003518.500, 101
Trd, 003521.040, 108
Trd, 003523.320, 112.0
Trd, 003525.940, 116
Trd, 003540.600, 120
Trd, 003541.380, 86
Trd, 003545.020, 110
Trd, 003545.160, 114
Trd, 003545.920, 110
Trd, 003545.940, 111
Trd, 003546.580, 108
Trd, 003548.220, 105
Trd, 003548.560, 101.0
Trd, 003549.260, 106
Trd, 003549.400, 109
Trd, 003566.240, 112.0
Trd, 003573.300, 100.0
Trd, 003575.520, 87.0
Trd, 003575.760, 89
Trd, 003575.820, 93
Trd, 003576.040, 91
Trd, 003576.140, 90
Trd, 003577.100, 95.0
Trd, 003577.220, 100.0
Trd, 003579.280, 112.0
Trd, 003581.180, 116
Trd, 003582.340, 110
Trd, 003584.000, 112
Trd, 003587.200, 94
Trd, 003604.720, 77
Trd, 003604.760, 119
Trd, 003605.060, 91.0
Trd, 003605.220, 90
Trd, 003605.560, 99
Trd, 003605.680, 98
Trd, 003607.580, 98
Trd, 003609.340, 111
Trd, 003610.360, 110
Trd, 003610.540, 107
Trd, 003611.440, 108
Trd, 003612.300, 112.0
Trd, 003616.180, 91.0
Trd, 003634.880, 75.0
Trd, 003635.040, 87.0
Trd, 003635.060, 87
Trd, 003635.480, 91.0
Trd, 003635.860, 87
Trd, 003636.540, 90
Trd, 003638.280, 95.0
Trd, 003639.980, 100.0
Trd, 003640.540, 101
Trd, 003643.880, 112.0
Trd, 003644.340, 116
Trd, 003657.960, 108
Trd, 003665.000, 87.0
Trd, 003665.280, 77
Trd, 003666.020, 92
Trd, 003666.040, 95
Trd, 003666.160, 111.0
Trd, 003666.700, 93
Trd, 003668.100, 91.0
Trd, 003670.660, 98
Trd, 003671.460, 97
Trd, 003672.940, 100.0
Trd, 003677.380, 112.0
Trd, 003684.540, 112.0
Trd, 003695.040, 78
Trd, 003695.100, 105
Trd, 003695.260, 89
Trd, 003695.600, 100.0
Trd, 003696.280, 106
Trd, 003696.520, 107
Trd, 003697.700, 111
Trd, 003698.020, 111
Trd, 003701.320, 112.0
Trd, 003703.600, 109
Trd, 003718.260, 108
Trd, 003724.920, 83
Trd, 003725.060, 110
Trd, 003725.280, 91.0
Trd, 003725.820, 94
Trd, 003725.840, 88
Trd, 003726.620, 90
Trd, 003727.280, 95.0
Trd, 003727.560, 108
Trd, 003728.880, 100.0
Trd, 003732.860, 112.0
Trd, 003738.880, 114
Trd, 003744.000, 118
Trd, 003755.240, 75.0
Trd, 003755.900, 84
Trd, 003756.140, 87.0
Trd, 003756.220, 91.0
Trd, 003756.280, 100.0
Trd, 003756.340, 112.0
Trd, 003756.860, 109
Trd, 003756.940, 112
Trd, 003759.960, 104
Trd, 003761.360, 102.0
Trd, 003761.820, 105
Trd, 003763.200, 103.0
Trd, 003785.020, 121
Trd, 003785.220, 101.0
Trd, 003785.300, 106
Trd, 003785.360, 116
Trd, 003786.180, 101.0
Trd, 003786.320, 100.0
Trd, 003786.420, 108
Trd, 003787.040, 109
Trd, 003789.060, 98
Trd, 003791.920, 100
Trd, 003792.900, 100.0
Trd, 003798.980, 107
Trd, 003815.180, 107
Trd, 003815.400, 107
Trd, 003815.860, 120.0
Trd, 003815.880, 108
Trd, 003816.020, 106
Trd, 003816.240, 100.0
Trd, 003817.660, 93
Trd, 003817.780, 119
Trd, 003820.980, 105
Trd, 003824.720, 109
Trd, 003834.860, 105
Trd, 003845.480, 120.0
Trd, 003845.660, 118
Trd, 003845.760, 118
Trd, 003845.940, 113
Trd, 003846.100, 119
Trd, 003846.160, 117
Trd, 003846.440, 112.0
Trd, 003846.640, 101.0
Trd, 003851.320, 100.0
Trd, 003852.600, 102
Trd, 003853.140, 104
Trd, 003855.580, 112.0
Trd, 003875.220, 109
Trd, 003875.540, 120.0
Trd, 003875.740, 112.0
Trd, 003876.700, 108
Trd, 003876.900, 107
Trd, 003877.780, 100.0
Trd, 003877.920, 109
Trd, 003879.780, 94
Trd, 003880.380, 106
Trd, 003882.280, 112.0
Trd, 003883.740, 109
Trd, 003903.120, 102
Trd, 003905.160, 109
Trd, 003905.280, 98
Trd, 003905.460, 87.0
Trd, 003905.880, 80
Trd, 003905.920, 92
Trd, 003909.140, 109.0
Trd, 003909.980, 103
Trd, 003910.900, 111.0
Trd, 003912.280, 105
Trd, 003918.440, 112.0
Trd, 003935.340, 102
Trd, 003935.540, 126
Trd, 003935.660, 129
Trd, 003936.080, 120
Trd, 003936.120, 120.0
Trd, 003937.120, 120
Trd, 003937.640, 119
Trd, 003938.020, 112.0
Trd, 003938.260, 100.0
Trd, 003939.020, 113
Trd, 003953.460, 101
Trd, 003955.440, 91.0
Trd, 003961.460, 85
Trd, 003965.260, 104
Trd, 003965.400, 76
Trd, 003965.920, 114
Trd, 003966.780, 106
Trd, 003967.380, 100.0
Trd, 003968.080, 104
Trd, 003968.260, 104
Trd, 003969.120, 105
Trd, 003971.000, 108
Trd, 003971.840, 107
Trd, 003981.200, 116
Trd, 003983.140, 113
Trd, 003995.320, 109
Trd, 003995.700, 102.0
Trd, 003995.860, 113
Trd, 003996.040, 116
Trd, 003996.060, 108
Trd, 003996.140, 102.0
Trd, 003997.020, 103
Trd, 003997.320, 101.0
Trd, 003999.460, 110
Trd, 004001.740, 109
Trd, 004015.320, 100.0
Trd, 004025.280, 120.0
Trd, 004025.460, 87.0
Trd, 004025.620, 74
Trd, 004025.780, 75.0
Trd, 004027.800, 84
Trd, 004027.820, 91.0
Trd, 004028.480, 95.0
Trd, 004028.920, 109.0
Trd, 004031.240, 112.0
Trd, 004034.320, 106
Trd, 004037.700, 112.0
Trd, 004040.320, 116
Trd, 004048.420, 111
Trd, 004055.660, 111
Trd, 004056.200, 112
Trd, 004056.240, 114
Trd, 004056.540, 110
Trd, 004057.220, 115
Trd, 004058.520, 115
Trd, 004058.860, 112.0
Trd, 004058.980, 112
Trd, 004060.720, 112.0
Trd, 004067.720, 103
Trd, 004072.380, 112.0
Trd, 004085.600, 87.0
Trd, 004085.960, 106
Trd, 004086.520, 99
Trd, 004086.620, 100
Trd, 004086.740, 100
Trd, 004087.580, 107
Trd, 004087.860, 111.0
Trd, 004088.320, 110
Trd, 004088.600, 112.0
Trd, 004093.200, 116
Trd, 004095.380, 91.0
Trd, 004099.300, 93
Trd, 004115.840, 113
Trd, 004115.860, 111
Trd, 004115.960, 96
Trd, 004117.080, 102
Trd, 004117.200, 104
Trd, 004117.220, 105
Trd, 004117.660, 102
Trd, 004120.760, 105
Trd, 004123.740, 112.0
Trd, 004130.940, 103
Trd, 004144.800, 100.0
Trd, 004145.500, 87.0
Trd, 004146.640, 103
Trd, 004146.780, 104
Trd, 004147.180, 101
Trd, 004148.560, 106
Trd, 004149.400, 105
Trd, 004150.060, 106
Trd, 004150.400, 106
Trd, 004156.080, 112.0
Trd, 004157.080, 100.0
Trd, 004160.720, 91.0
Trd, 004174.180, 117
Trd, 004175.520, 109
Trd, 004175.800, 112
Trd, 004175.920, 112
Trd, 004176.000, 111
Trd, 004176.680, 111
Trd, 004177.340, 110
Trd, 004178.040, 111
Trd, 004179.840, 112.0
Trd, 004180.880, 116
Trd, 004182.060, 113
Trd, 004197.760, 108
Trd, 004205.600, 75.0
Trd, 004205.980, 82
Trd, 004206.220, 87.0
Trd, 004206.320, 91.0
Trd, 004207.560, 105
Trd, 004210.620, 104
Trd, 004211.380, 108.0
Trd, 004213.120, 112.0
Trd, 004214.020, 108
Trd, 004219.720, 108
Trd, 004235.700, 87.0
Trd, 004235.820, 91.0
Trd, 004236.420, 99
Trd, 004236.500, 100.0
Trd, 004236.540, 95
Trd, 004237.080, 94
Trd, 004237.400, 101
Trd, 004239.980, 98
Trd, 004240.760, 99
Trd, 004251.920, 102
Trd, 004253.200, 112.0
Trd, 004265.480, 120.0
Trd, 004265.860, 87.0
Trd, 004267.240, 91.0
Trd, 004269.300, 92
Trd, 004269.440, 91.0
Trd, 004271.340, 93
Trd, 004272.680, 95.0
Trd, 004273.880, 100.0
Trd, 004275.340, 95
Trd, 004279.540, 106
Trd, 004287.180, 107
Trd, 004295.740, 105
Trd, 004295.840, 104
Trd, 004296.520, 101.0
Trd, 004296.700, 100.0
Trd, 004296.880, 102
Trd, 004297.720, 101
Trd, 004297.800, 112.0
Trd, 004297.820, 97
Trd, 004298.020, 116
Trd, 004301.740, 108
Trd, 004314.100, 110
Trd, 004322.320, 110
Trd, 004324.380, 98
Trd, 004325.660, 113
Trd, 004325.780, 119
Trd, 004325.900, 91
Trd, 004326.540, 108
Trd, 004326.880, 113
Trd, 004327.260, 107
Trd, 004328.780, 105
Trd, 004329.920, 104
Trd, 004330.660, 105
Trd, 004336.420, 100.0
Trd, 004341.400, 116
Trd, 004344.020, 106
Trd, 004355.920, 120.0
Trd, 004356.740, 111
Trd, 004356.920, 112
Trd, 004357.400, 113
Trd, 004357.840, 112
Trd, 004357.880, 112.0
Trd, 004358.060, 111
Trd, 004359.180, 112.0
Trd, 004359.220, 100.0
Trd, 004365.800, 116
Trd, 004369.020, 93
Trd, 004377.320, 94
Trd, 004380.180, 107
Trd, 004385.620, 105
Trd, 004385.780, 105
Trd, 004386.000, 101.0
Trd, 004386.060, 100.0
Trd, 004387.120, 99
Trd, 004387.380, 105
Trd, 004388.440, 110.0
Trd, 004390.020, 107
Trd, 004391.180, 107
Trd, 004394.900, 112.0
Trd, 004403.560, 91.0
Trd, 004415.880, 100.0
Trd, 004416.220, 75.0
Trd, 004416.280, 95.0
Trd, 004416.460, 98
Trd, 004416.500, 100.0
Trd, 004417.640, 120.0
Trd, 004418.120, 115
Trd, 004418.920, 120
Trd, 004418.960, 114
Trd, 004419.920, 113
Trd, 004429.840, 112.0
Trd, 004432.820, 91.0
Trd, 004445.840, 121.0
Trd, 004445.920, 120.0
Trd, 004446.860, 100
Trd, 004447.520, 109
Trd, 004447.660, 102
Trd, 004449.680, 110
Trd, 004449.800, 103
Trd, 004451.520, 108
Trd, 004455.260, 105
Trd, 004461.800, 112.0
Trd, 004464.300, 104
Trd, 004471.600, 110
Trd, 004475.700, 107
Trd, 004475.840, 112.0
Trd, 004475.960, 106
Trd, 004476.280, 116
Trd, 004476.480, 124
Trd, 004476.660, 125.0
Trd, 004477.160, 115
Trd, 004477.240, 111
Trd, 004478.720, 116
Trd, 004479.260, 100.0
Trd, 004484.820, 109
Trd, 004494.080, 91.0
Trd, 004499.760, 86
Trd, 004505.960, 117
Trd, 004506.440, 105
Trd, 004506.540, 104.0
Trd, 004506.960, 102.0
Trd, 004507.060, 100.0
Trd, 004507.800, 99
Trd, 004508.240, 92.0
Trd, 004508.900, 97
Trd, 004512.000, 98
Trd, 004519.320, 104
Trd, 004531.420, 106
Trd, 004535.680, 122
Trd, 004536.040, 85
Trd, 004536.060, 87.0
Trd, 004536.400, 89
Trd, 004536.480, 91.0
Trd, 004536.840, 92
Trd, 004536.960, 95.0
Trd, 004537.680, 91
Trd, 004538.820, 103
Trd, 004539.680, 96
Trd, 004542.020, 106
Trd, 004545.400, 112.0
Trd, 004548.340, 117
Trd, 004565.700, 87.0
Trd, 004565.880, 102
Trd, 004566.000, 116
Trd, 004566.360, 101
Trd, 004567.100, 103
Trd, 004567.940, 104
Trd, 004568.960, 103
Trd, 004571.860, 104
Trd, 004576.780, 103
Trd, 004581.080, 105
Trd, 004583.580, 100.0
Trd, 004595.800, 75.0
Trd, 004596.080, 83
Trd, 004596.780, 87.0
Trd, 004596.960, 86
Trd, 004598.000, 91.0
Trd, 004598.100, 95.0
Trd, 004598.700, 100.0
Trd, 004600.820, 112.0
Trd, 004603.260, 113
Trd, 004603.640, 112
Trd, 004606.860, 110
Trd, 004621.940, 116
Trd, 004626.000, 113
Trd, 004626.620, 109
Trd, 004626.660, 111
Trd, 004627.020, 110
Trd, 004627.120, 110
Trd, 004627.220, 111.0
Trd, 004627.340, 109
Trd, 004627.480, 107
Trd, 004627.900, 112.0
Trd, 004633.660, 108.0
Trd, 004649.880, 100.0
Trd, 004656.120, 103
Trd, 004656.180, 102
Trd, 004657.000, 97
Trd, 004657.200, 100
Trd, 004657.860, 104.0
Trd, 004658.300, 103.0
Trd, 004658.860, 104
Trd, 004660.940, 108
Trd, 004661.520, 110
Trd, 004662.760, 100.0
Trd, 004663.660, 112.0
Trd, 004663.860, 91.0
Trd, 004686.200, 104
Trd, 004686.420, 101.0
Trd, 004686.760, 119
Trd, 004687.040, 102.0
Trd, 004687.300, 119
Trd, 004688.360, 104
Trd, 004689.400, 105
Trd, 004693.600, 111
Trd, 004709.840, 104
Trd, 004714.020, 112.0
Trd, 004715.560, 104
Trd, 004715.860, 114
Trd, 004716.100, 75.0
Trd, 004716.640, 114
Trd, 004716.660, 113
Trd, 004717.340, 114
Trd, 004717.380, 112
Trd, 004718.420, 103
Trd, 004719.020, 100.0
Trd, 004719.300, 102
Trd, 004719.400, 99
Trd, 004720.420, 104
Trd, 004746.080, 75.0
Trd, 004746.300, 77
Trd, 004746.360, 87.0
Trd, 004746.380, 91.0
Trd, 004747.300, 97.0
Trd, 004747.420, 100.0
Trd, 004747.660, 112.0
Trd, 004750.180, 107
Trd, 004751.660, 107
Trd, 004751.980, 106
Trd, 004763.220, 97
Trd, 004770.500, 91.0
Trd, 004773.260, 98
Trd, 004776.540, 107
Trd, 004777.140, 106
Trd, 004777.260, 105
Trd, 004777.280, 108
Trd, 004777.400, 112.0
Trd, 004777.500, 112
Trd, 004777.720, 105
Trd, 004778.720, 110
Trd, 004785.560, 110
Trd, 004787.760, 100.0
Trd, 004797.480, 95
Trd, 004797.640, 116
Trd, 004805.860, 75.0
Trd, 004806.440, 91.0
Trd, 004806.700, 101.0
Trd, 004807.960, 108
Trd, 004808.000, 102.0
Trd, 004810.240, 107
Trd, 004810.700, 106
Trd, 004810.900, 104
Trd, 004813.280, 100.0
Trd, 004813.980, 106
Trd, 004814.980, 107
Trd, 004836.120, 96
Trd, 004836.220, 119
Trd, 004836.240, 102
Trd, 004836.480, 102.0
Trd, 004838.460, 110
Trd, 004838.640, 105
Trd, 004838.900, 104
Trd, 004842.000, 106
Trd, 004842.560, 108
Trd, 004853.340, 103
Trd, 004863.960, 100.0
Trd, 004865.860, 120.0
Trd, 004866.240, 75.0
Trd, 004866.320, 87.0
Trd, 004866.420, 91.0
Trd, 004867.020, 88
Trd, 004867.320, 95.0
Trd, 004869.540, 111.0
Trd, 004872.120, 109
Trd, 004875.680, 112.0
Trd, 004879.580, 116
Trd, 004880.680, 112.0
Trd, 004885.580, 111
Trd, 004890.600, 107
Trd, 004894.520, 84
Trd, 004895.940, 75.0
Trd, 004896.320, 86
Trd, 004896.440, 90
Trd, 004897.040, 87.0
Trd, 004897.180, 91.0
Trd, 004897.740, 99.0
Trd, 004899.160, 100.0
Trd, 004900.640, 98
Trd, 004903.640, 112.0
Trd, 004907.540, 114
Trd, 004918.700, 116
Trd, 004925.720, 91.0
Trd, 004926.260, 108
Trd, 004926.560, 107
Trd, 004926.920, 107
Trd, 004927.000, 107
Trd, 004927.020, 114
Trd, 004927.340, 100.0
Trd, 004928.900, 109
Trd, 004930.480, 108
Trd, 004934.720, 107
Trd, 004939.820, 112.0
Trd, 004942.700, 116
Trd, 004956.400, 112
Trd, 004956.620, 107
Trd, 004956.860, 109
Trd, 004957.160, 112
Trd, 004958.200, 110
Trd, 004958.240, 112.0
Trd, 004958.580, 111
Trd, 004959.920, 110
Trd, 004962.340, 100
Trd, 004979.640, 106
Trd, 004980.820, 100.0
Trd, 004984.180, 107
Trd, 004986.040, 75.0
Trd, 004986.480, 87.0
Trd, 004986.540, 95.0
Trd, 004987.080, 91.0
Trd, 004987.420, 103
Trd, 004987.660, 101
Trd, 004988.440, 102
Trd, 004990.260, 106
Trd, 004990.540, 112.0
Trd, 004990.560, 103
Trd, 004994.820, 112
