Trd, 000030.110, 185
Trd, 000030.210, 183
Trd, 000030.450, 169
Trd, 000030.530, 167
Trd, 000030.670, 163
Trd, 000031.100, 148
Trd, 000031.490, 155
Trd, 000031.760, 168
Trd, 000032.110, 148
Trd, 000033.010, 160
Trd, 000033.530, 147
Trd, 000049.310, 151
Trd, 000049.440, 161
Trd, 000060.230, 141
Trd, 000060.330, 148
Trd, 000060.360, 147
Trd, 000060.510, 154
Trd, 000060.650, 160
Trd, 000060.720, 148
Trd, 000060.990, 151
Trd, 000061.110, 163
Trd, 000061.560, 152
Trd, 000062.220, 152
Trd, 000062.880, 159
Trd, 000064.170, 155
Trd, 000066.440, 158
Trd, 000068.330, 162
Trd, 000071.280, 164
Trd, 000071.580, 167
Trd, 000087.700, 157
Trd, 000090.180, 136
Trd, 000090.260, 156
Trd, 000090.320, 138
Trd, 000090.480, 167
Trd, 000090.670, 178
Trd, 000090.690, 166
Trd, 000090.730, 161
Trd, 000091.060, 171
Trd, 000091.660, 171
Trd, 000092.220, 169
Trd, 000092.860, 153
Trd, 000094.370, 162
Trd, 000100.950, 140
Trd, 000120.080, 158
Trd, 000120.200, 189
Trd, 000120.230, 186
Trd, 000120.300, 195
Trd, 000120.330, 149
Trd, 000120.420, 186
Trd, 000120.740, 160
Trd, 000120.890, 158
Trd, 000121.290, 157
Trd, 000121.570, 155
Trd, 000122.070, 153
Trd, 000122.320, 154
Trd, 000122.800, 170
Trd, 000123.030, 175
Trd, 000126.670, 164
Trd, 000129.030, 174
Trd, 000129.170, 174
Trd, 000132.240, 177
Trd, 000149.460, 167
Trd, 000150.130, 151
Trd, 000150.310, 187
Trd, 000150.330, 150
Trd, 000150.430, 152
Trd, 000151.230, 155
Trd, 000151.290, 151
Trd, 000151.400, 160
Trd, 000151.810, 160
Trd, 000152.110, 172
Trd, 000154.370, 168
Trd, 000156.740, 165
Trd, 000159.520, 169
Trd, 000163.860, 170
Trd, 000165.260, 152
Trd, 000169.690, 148
Trd, 000180.130, 144
Trd, 000180.220, 135
Trd, 000180.480, 154
Trd, 000180.560, 157
Trd, 000180.740, 144
Trd, 000180.820, 148
Trd, 000181.550, 147
Trd, 000182.570, 157
Trd, 000183.130, 175
Trd, 000184.190, 150
Trd, 000187.210, 155
Trd, 000204.340, 151
Trd, 000204.660, 148
Trd, 000210.180, 162
Trd, 000210.190, 166
Trd, 000210.580, 175
Trd, 000210.600, 139
Trd, 000210.700, 178
Trd, 000210.910, 173
Trd, 000211.640, 172
Trd, 000211.750, 157
Trd, 000211.830, 155
Trd, 000211.900, 176
Trd, 000213.190, 147
Trd, 000214.390, 149
Trd, 000216.360, 159
Trd, 000240.300, 137
Trd, 000240.440, 160
Trd, 000240.500, 164
Trd, 000240.520, 163
Trd, 000240.730, 163
Trd, 000240.860, 170
Trd, 000241.750, 170
Trd, 000241.960, 172
Trd, 000243.000, 164
Trd, 000251.250, 164
Trd, 000254.890, 162
Trd, 000255.530, 163
Trd, 000262.500, 161
Trd, 000270.440, 132
Trd, 000270.460, 139
Trd, 000270.530, 142
Trd, 000271.000, 145
Trd, 000271.140, 154
Trd, 000271.350, 163
Trd, 000271.490, 176
Trd, 000271.640, 168
Trd, 000272.010, 162
Trd, 000273.890, 154
Trd, 000274.340, 152
Trd, 000290.450, 143
Trd, 000300.230, 184
Trd, 000300.420, 181
Trd, 000300.500, 133
Trd, 000300.580, 160
Trd, 000300.690, 139
Trd, 000300.820, 141
Trd, 000300.870, 140
Trd, 000301.010, 183
Trd, 000301.280, 177
Trd, 000302.160, 147
Trd, 000302.180, 147
Trd, 000302.260, 148
Trd, 000308.090, 168
Trd, 000315.980, 160
Trd, 000318.350, 157
Trd, 000330.370, 171
Trd, 000330.490, 148
Trd, 000330.520, 174
Trd, 000330.550, 178
Trd, 000330.580, 181
Trd, 000330.830, 179
Trd, 000330.970, 164
Trd, 000331.220, 166
Trd, 000332.110, 164
Trd, 000332.130, 166
Trd, 000332.580, 161
Trd, 000332.790, 154
Trd, 000360.310, 193
Trd, 000360.430, 187
Trd, 000360.500, 186
Trd, 000360.680, 144
Trd, 000360.900, 160
Trd, 000360.960, 160
Trd, 000361.230, 133
Trd, 000361.400, 138
Trd, 000361.430, 134
Trd, 000361.600, 164
Trd, 000362.930, 174
Trd, 000363.810, 159
Trd, 000367.830, 163
Trd, 000376.540, 160
Trd, 000380.970, 160
Trd, 000382.420, 159
Trd, 000390.260, 177
Trd, 000390.340, 184
Trd, 000390.680, 147
Trd, 000390.850, 164
Trd, 000390.910, 165
Trd, 000391.040, 155
Trd, 000392.550, 151
Trd, 000392.830, 149
Trd, 000398.520, 152
Trd, 000402.480, 151
Trd, 000420.450, 145
Trd, 000420.580, 153
Trd, 000420.830, 157
Trd, 000420.900, 157
Trd, 000420.990, 161
Trd, 000421.320, 165
Trd, 000421.510, 153
Trd, 000421.890, 162
Trd, 000421.970, 153
Trd, 000423.770, 162
Trd, 000424.250, 165
Trd, 000425.000, 161
Trd, 000428.040, 148
Trd, 000450.320, 166
Trd, 000450.480, 133
Trd, 000450.820, 151
Trd, 000451.370, 154
Trd, 000451.380, 153
Trd, 000451.410, 156
Trd, 000451.960, 164
Trd, 000452.200, 150
Trd, 000452.710, 162
Trd, 000453.190, 160
Trd, 000461.130, 163
Trd, 000465.470, 161
Trd, 000471.770, 167
Trd, 000473.000, 157
Trd, 000480.320, 161
Trd, 000480.370, 160
Trd, 000480.600, 170
Trd, 000480.670, 156
Trd, 000480.740, 155
Trd, 000481.560, 150
Trd, 000482.280, 155
Trd, 000482.630, 146
Trd, 000483.940, 159
Trd, 000484.140, 144
Trd, 000489.840, 160
Trd, 000510.420, 131
Trd, 000510.540, 149
Trd, 000510.660, 161
Trd, 000510.940, 153
Trd, 000511.140, 141
Trd, 000511.440, 170
Trd, 000511.520, 153
Trd, 000511.950, 150
Trd, 000512.590, 156
Trd, 000512.660, 156
Trd, 000512.690, 171
Trd, 000513.360, 185
Trd, 000516.520, 163
Trd, 000518.500, 168
Trd, 000529.510, 182
Trd, 000540.520, 138
Trd, 000540.710, 148
Trd, 000540.720, 151
Trd, 000540.730, 174
Trd, 000540.970, 145
Trd, 000541.210, 175
Trd, 000541.570, 164
Trd, 000541.980, 152
Trd, 000542.040, 152
Trd, 000542.850, 165
Trd, 000543.200, 165
Trd, 000546.610, 161
Trd, 000549.610, 161
Trd, 000549.960, 157
Trd, 000557.730, 148
Trd, 000570.360, 187
Trd, 000570.380, 185
Trd, 000570.410, 164
Trd, 000570.810, 148
Trd, 000570.920, 139
Trd, 000570.980, 150
Trd, 000571.020, 153
Trd, 000571.190, 156
Trd, 000571.280, 154
Trd, 000571.460, 161
Trd, 000571.920, 154
Trd, 000572.020, 159
Trd, 000572.060, 153
Trd, 000572.680, 160
Trd, 000573.090, 153
Trd, 000573.310, 154
Trd, 000574.090, 156
Trd, 000576.530, 161
Trd, 000580.370, 163
Trd, 000591.560, 157
Trd, 000594.010, 166
Trd, 000600.620, 163
Trd, 000600.630, 153
Trd, 000601.020, 151
Trd, 000601.300, 160
Trd, 000601.340, 157
Trd, 000601.370, 151
Trd, 000601.570, 146
Trd, 000601.770, 158
Trd, 000602.050, 177
Trd, 000602.140, 178
Trd, 000602.550, 170
Trd, 000602.870, 173
Trd, 000604.670, 165
Trd, 000607.160, 171
Trd, 000612.540, 162
Trd, 000615.560, 155
Trd, 000630.410, 151
Trd, 000630.700, 169
Trd, 000630.820, 184
Trd, 000631.000, 192
Trd, 000631.140, 171
Trd, 000631.270, 161
Trd, 000631.420, 177
Trd, 000631.570, 153
Trd, 000631.890, 146
Trd, 000632.090, 145
Trd, 000632.700, 145
Trd, 000634.470, 150
Trd, 000634.590, 154
Trd, 000635.620, 154
Trd, 000639.290, 147
Trd, 000654.860, 153
Trd, 000660.430, 139
Trd, 000660.560, 161
Trd, 000660.930, 163
Trd, 000661.130, 159
Trd, 000661.270, 147
Trd, 000661.600, 169
Trd, 000661.780, 169
Trd, 000661.880, 173
Trd, 000662.010, 168
Trd, 000662.140, 174
Trd, 000662.190, 162
Trd, 000663.950, 162
Trd, 000664.520, 156
Trd, 000673.870, 153
Trd, 000676.330, 155
Trd, 000690.530, 171
Trd, 000690.610, 198
Trd, 000691.210, 161
Trd, 000691.550, 154
Trd, 000692.150, 154
Trd, 000692.260, 157
Trd, 000692.760, 156
Trd, 000693.070, 155
Trd, 000696.110, 156
Trd, 000702.760, 155
Trd, 000712.220, 163
Trd, 000714.530, 153
Trd, 000717.100, 155
Trd, 000720.470, 148
Trd, 000720.620, 133
Trd, 000720.640, 145
Trd, 000720.660, 148
Trd, 000720.840, 167
Trd, 000720.850, 169
Trd, 000720.990, 173
Trd, 000721.060, 169
Trd, 000721.190, 187
Trd, 000721.260, 168
Trd, 000721.390, 160
Trd, 000722.200, 170
Trd, 000723.020, 170
Trd, 000726.380, 176
Trd, 000726.410, 168
Trd, 000726.480, 166
Trd, 000726.950, 187
Trd, 000737.620, 175
Trd, 000738.190, 161
Trd, 000745.380, 180
Trd, 000750.490, 195
Trd, 000750.640, 169
Trd, 000750.660, 143
Trd, 000751.070, 188
Trd, 000751.170, 165
Trd, 000751.290, 171
Trd, 000751.470, 172
Trd, 000751.690, 175
Trd, 000752.570, 176
Trd, 000752.790, 182
Trd, 000753.140, 175
Trd, 000754.130, 170
Trd, 000758.880, 175
Trd, 000764.480, 179
Trd, 000770.780, 163
Trd, 000780.510, 152
Trd, 000780.610, 141
Trd, 000780.860, 172
Trd, 000780.920, 180
Trd, 000781.020, 146
Trd, 000781.430, 149
Trd, 000781.440, 148
Trd, 000781.780, 148
Trd, 000782.160, 154
Trd, 000782.360, 156
Trd, 000782.420, 159
Trd, 000782.510, 161
Trd, 000783.020, 143
Trd, 000783.570, 159
Trd, 000783.800, 172
Trd, 000783.870, 174
Trd, 000788.510, 168
Trd, 000802.280, 159
Trd, 000806.760, 141
Trd, 000807.810, 138
Trd, 000810.700, 189
Trd, 000810.740, 135
Trd, 000811.090, 155
Trd, 000811.110, 153
Trd, 000811.640, 133
Trd, 000812.040, 164
Trd, 000812.430, 161
Trd, 000812.450, 153
Trd, 000812.570, 165
Trd, 000813.920, 168
Trd, 000814.110, 157
Trd, 000819.840, 159
Trd, 000820.700, 158
Trd, 000821.360, 155
Trd, 000827.700, 170
Trd, 000840.960, 138
Trd, 000841.590, 146
Trd, 000841.600, 149
Trd, 000841.670, 151
Trd, 000841.900, 156
Trd, 000841.990, 157
Trd, 000842.110, 145
Trd, 000842.120, 159
Trd, 000845.200, 158
Trd, 000847.650, 159
Trd, 000851.410, 156
Trd, 000853.300, 160
Trd, 000865.500, 166
Trd, 000870.610, 142
Trd, 000870.800, 144
Trd, 000870.950, 133
Trd, 000870.990, 157
Trd, 000871.260, 149
Trd, 000871.400, 149
Trd, 000871.730, 149
Trd, 000871.880, 141
Trd, 000872.870, 159
Trd, 000873.230, 159
Trd, 000873.510, 148
Trd, 000876.720, 147
Trd, 000900.630, 138
Trd, 000901.030, 151
Trd, 000901.040, 158
Trd, 000901.230, 161
Trd, 000901.350, 143
Trd, 000901.650, 160
Trd, 000901.660, 140
Trd, 000901.730, 162
Trd, 000901.880, 133
Trd, 000902.310, 164
Trd, 000902.630, 138
Trd, 000903.050, 139
Trd, 000903.970, 146
Trd, 000905.970, 158
Trd, 000912.490, 164
Trd, 000913.810, 165
Trd, 000923.590, 173
Trd, 000924.460, 173
Trd, 000930.680, 159
Trd, 000930.830, 144
Trd, 000931.050, 147
Trd, 000931.260, 137
Trd, 000931.280, 139
Trd, 000931.400, 141
Trd, 000931.610, 139
Trd, 000931.930, 142
Trd, 000931.950, 145
Trd, 000932.200, 137
Trd, 000934.690, 147
Trd, 000934.820, 165
Trd, 000937.770, 166
Trd, 000937.840, 159
Trd, 000942.860, 153
Trd, 000958.870, 145
Trd, 000960.640, 151
Trd, 000960.700, 180
Trd, 000960.860, 177
Trd, 000960.990, 195
Trd, 000961.220, 144
Trd, 000961.290, 160
Trd, 000961.430, 144
Trd, 000961.480, 167
Trd, 000961.490, 168
Trd, 000961.620, 165
Trd, 000961.660, 164
Trd, 000962.150, 174
Trd, 000963.290, 148
Trd, 000966.740, 165
Trd, 000968.140, 167
Trd, 000974.280, 166
Trd, 000975.770, 173
Trd, 000981.770, 175
Trd, 000990.690, 148
Trd, 000990.720, 132
Trd, 000990.840, 156
Trd, 000991.060, 153
Trd, 000991.450, 145
Trd, 000991.590, 161
Trd, 000991.950, 155
Trd, 000992.020, 162
Trd, 000995.090, 166
Trd, 000995.530, 166
Trd, 000996.040, 168
Trd, 000998.760, 172
Trd, 001008.560, 152
Trd, 001020.690, 178
Trd, 001020.730, 158
Trd, 001021.080, 155
Trd, 001021.160, 160
Trd, 001021.180, 161
Trd, 001021.360, 159
Trd, 001021.530, 165
Trd, 001021.690, 152
Trd, 001021.760, 148
Trd, 001021.780, 136
Trd, 001023.510, 147
Trd, 001024.800, 157
Trd, 001031.960, 141
Trd, 001050.910, 139
Trd, 001051.040, 134
Trd, 001051.270, 141
Trd, 001051.510, 157
Trd, 001052.030, 168
Trd, 001052.090, 158
Trd, 001054.310, 164
Trd, 001054.360, 163
Trd, 001063.600, 148
Trd, 001080.840, 133
Trd, 001081.060, 140
Trd, 001081.280, 164
Trd, 001081.310, 178
Trd, 001081.640, 160
Trd, 001082.180, 140
Trd, 001093.870, 158
Trd, 001096.160, 160
Trd, 001105.250, 163
Trd, 001108.480, 156
Trd, 001110.800, 185
Trd, 001111.030, 154
Trd, 001111.050, 160
Trd, 001111.180, 158
Trd, 001111.280, 158
Trd, 001111.430, 157
Trd, 001111.450, 163
Trd, 001111.570, 165
Trd, 001111.800, 162
Trd, 001112.090, 151
Trd, 001112.580, 142
Trd, 001112.650, 152
Trd, 001112.760, 172
Trd, 001114.430, 154
Trd, 001118.280, 151
Trd, 001128.730, 160
Trd, 001141.000, 146
Trd, 001141.080, 155
Trd, 001141.150, 130
Trd, 001141.350, 151
Trd, 001141.670, 151
Trd, 001142.030, 162
Trd, 001142.090, 159
Trd, 001142.450, 162
Trd, 001144.610, 140
Trd, 001147.400, 162
Trd, 001158.830, 163
Trd, 001171.080, 160
Trd, 001171.160, 171
Trd, 001171.460, 149
Trd, 001171.690, 151
Trd, 001172.040, 143
Trd, 001172.220, 158
Trd, 001172.320, 160
Trd, 001173.370, 163
Trd, 001190.910, 166
Trd, 001200.830, 160
Trd, 001200.980, 168
Trd, 001200.990, 155
Trd, 001201.010, 177
Trd, 001201.110, 163
Trd, 001201.210, 166
Trd, 001201.250, 140
Trd, 001201.320, 134
Trd, 001201.870, 133
Trd, 001201.900, 150
Trd, 001202.240, 139
Trd, 001202.560, 156
Trd, 001204.770, 142
Trd, 001205.870, 157
Trd, 001212.940, 144
Trd, 001216.010, 139
Trd, 001218.810, 159
Trd, 001219.860, 138
Trd, 001230.830, 173
Trd, 001231.130, 142
Trd, 001231.180, 162
Trd, 001231.840, 146
Trd, 001232.630, 141
Trd, 001232.880, 158
Trd, 001232.980, 160
Trd, 001233.680, 160
Trd, 001233.890, 163
Trd, 001234.450, 161
Trd, 001235.390, 155
Trd, 001244.280, 160
Trd, 001246.960, 153
Trd, 001260.880, 192
Trd, 001260.990, 152
Trd, 001261.000, 164
Trd, 001261.010, 143
Trd, 001261.090, 177
Trd, 001261.440, 158
Trd, 001261.520, 151
Trd, 001261.700, 143
Trd, 001261.760, 151
Trd, 001262.070, 140
Trd, 001262.350, 136
Trd, 001262.700, 136
Trd, 001263.010, 153
Trd, 001263.270, 142
Trd, 001263.710, 159
Trd, 001265.930, 141
Trd, 001271.530, 143
Trd, 001280.940, 161
Trd, 001291.030, 163
Trd, 001291.160, 166
Trd, 001291.290, 158
Trd, 001291.310, 150
Trd, 001291.390, 165
Trd, 001291.460, 167
Trd, 001291.480, 178
Trd, 001292.700, 133
Trd, 001293.030, 139
Trd, 001293.460, 139
Trd, 001295.060, 147
Trd, 001297.570, 139
Trd, 001300.540, 147
Trd, 001321.040, 133
Trd, 001321.140, 134
Trd, 001321.400, 138
Trd, 001321.420, 158
Trd, 001321.530, 141
Trd, 001322.030, 137
Trd, 001323.560, 134
Trd, 001323.830, 141
Trd, 001325.520, 146
Trd, 001325.960, 147
Trd, 001329.090, 147
Trd, 001329.180, 154
Trd, 001330.230, 159
Trd, 001351.050, 165
Trd, 001351.090, 175
Trd, 001351.510, 158
Trd, 001351.530, 148
Trd, 001351.830, 164
Trd, 001351.870, 159
Trd, 001352.160, 158
Trd, 001352.380, 159
Trd, 001352.750, 158
Trd, 001353.900, 157
Trd, 001353.990, 160
Trd, 001354.670, 151
Trd, 001358.010, 148
Trd, 001361.470, 157
Trd, 001363.680, 148
Trd, 001369.950, 155
Trd, 001381.040, 168
Trd, 001381.050, 159
Trd, 001381.210, 164
Trd, 001381.360, 162
Trd, 001381.440, 150
Trd, 001381.840, 147
Trd, 001382.330, 140
Trd, 001382.730, 141
Trd, 001382.770, 141
Trd, 001383.810, 146
Trd, 001384.310, 148
Trd, 001385.600, 151
Trd, 001386.060, 167
Trd, 001393.410, 151
Trd, 001410.950, 154
Trd, 001411.020, 151
Trd, 001411.080, 169
Trd, 001411.330, 156
Trd, 001411.670, 158
Trd, 001411.710, 156
Trd, 001411.930, 162
Trd, 001412.430, 157
Trd, 001412.540, 154
Trd, 001412.890, 153
Trd, 001413.450, 158
Trd, 001428.750, 150
Trd, 001434.130, 160
Trd, 001441.290, 161
Trd, 001441.390, 165
Trd, 001441.450, 168
Trd, 001441.750, 176
Trd, 001441.860, 167
Trd, 001442.560, 166
Trd, 001442.600, 163
Trd, 001442.620, 171
Trd, 001443.000, 178
Trd, 001443.300, 158
Trd, 001444.870, 172
Trd, 001445.560, 158
Trd, 001448.670, 158
Trd, 001449.290, 152
Trd, 001458.620, 177
Trd, 001459.410, 149
Trd, 001463.220, 159
Trd, 001471.020, 147
Trd, 001471.240, 147
Trd, 001471.780, 138
Trd, 001471.950, 150
Trd, 001472.120, 152
Trd, 001472.670, 153
Trd, 001474.470, 148
Trd, 001476.130, 154
Trd, 001488.010, 162
Trd, 001495.770, 150
Trd, 001500.990, 167
Trd, 001501.020, 181
Trd, 001501.110, 164
Trd, 001501.170, 148
Trd, 001501.330, 138
Trd, 001501.440, 151
Trd, 001501.560, 154
Trd, 001501.610, 157
Trd, 001502.020, 154
Trd, 001502.040, 167
Trd, 001502.200, 149
Trd, 001502.840, 147
Trd, 001504.670, 170
Trd, 001506.670, 169
Trd, 001507.090, 179
Trd, 001508.210, 185
Trd, 001509.720, 166
Trd, 001511.150, 181
Trd, 001512.810, 193
Trd, 001531.030, 164
Trd, 001531.140, 151
Trd, 001531.160, 150
Trd, 001531.340, 141
Trd, 001531.410, 146
Trd, 001531.460, 158
Trd, 001531.520, 174
Trd, 001531.540, 161
Trd, 001531.830, 151
Trd, 001532.330, 145
Trd, 001532.490, 171
Trd, 001532.530, 145
Trd, 001533.520, 174
Trd, 001533.750, 163
Trd, 001540.080, 154
Trd, 001561.020, 187
Trd, 001561.240, 182
Trd, 001561.530, 168
Trd, 001561.700, 174
Trd, 001561.710, 165
Trd, 001561.910, 159
Trd, 001562.040, 155
Trd, 001562.420, 154
Trd, 001563.260, 148
Trd, 001563.500, 176
Trd, 001563.810, 147
Trd, 001564.250, 163
Trd, 001567.410, 157
Trd, 001569.890, 162
Trd, 001572.860, 143
Trd, 001582.380, 143
Trd, 001584.650, 169
Trd, 001591.100, 148
Trd, 001591.130, 166
Trd, 001591.160, 145
Trd, 001591.270, 145
Trd, 001591.330, 135
Trd, 001591.640, 147
Trd, 001591.650, 147
Trd, 001591.870, 158
Trd, 001591.960, 162
Trd, 001592.200, 154
Trd, 001592.210, 164
Trd, 001592.860, 165
Trd, 001595.610, 168
Trd, 001611.830, 170
Trd, 001621.140, 171
Trd, 001621.200, 165
Trd, 001621.440, 173
Trd, 001621.500, 165
Trd, 001621.540, 176
Trd, 001621.570, 162
Trd, 001621.680, 143
Trd, 001622.200, 143
Trd, 001622.860, 154
Trd, 001623.490, 150
Trd, 001623.600, 144
Trd, 001623.760, 142
Trd, 001624.740, 163
Trd, 001626.870, 139
Trd, 001634.740, 152
Trd, 001638.610, 171
Trd, 001651.230, 180
Trd, 001651.320, 183
Trd, 001651.940, 158
Trd, 001652.230, 163
Trd, 001652.850, 163
Trd, 001653.520, 154
Trd, 001654.300, 161
Trd, 001654.890, 161
Trd, 001661.380, 157
Trd, 001679.000, 146
Trd, 001681.270, 141
Trd, 001681.400, 172
Trd, 001681.890, 173
Trd, 001681.900, 170
Trd, 001682.000, 175
Trd, 001682.210, 175
Trd, 001682.320, 176
Trd, 001682.820, 149
Trd, 001682.910, 152
Trd, 001683.520, 152
Trd, 001683.570, 147
Trd, 001685.210, 150
Trd, 001690.060, 163
Trd, 001700.130, 163
Trd, 001708.620, 145
Trd, 001711.240, 133
Trd, 001711.480, 145
Trd, 001711.500, 155
Trd, 001712.050, 154
Trd, 001712.620, 151
Trd, 001713.780, 151
Trd, 001714.360, 149
Trd, 001714.840, 154
Trd, 001716.840, 148
Trd, 001719.450, 157
Trd, 001723.940, 160
Trd, 001726.200, 161
Trd, 001736.840, 155
Trd, 001741.140, 135
Trd, 001741.380, 179
Trd, 001741.410, 177
Trd, 001741.510, 174
Trd, 001741.640, 170
Trd, 001742.120, 170
Trd, 001742.270, 181
Trd, 001742.300, 161
Trd, 001742.400, 158
Trd, 001742.660, 158
Trd, 001743.140, 178
Trd, 001743.270, 180
Trd, 001744.700, 162
Trd, 001746.120, 161
Trd, 001747.600, 161
Trd, 001747.610, 155
Trd, 001756.780, 149
Trd, 001771.300, 191
Trd, 001771.370, 146
Trd, 001771.400, 156
Trd, 001771.470, 136
Trd, 001771.510, 146
Trd, 001771.680, 178
Trd, 001772.220, 175
Trd, 001772.320, 165
Trd, 001772.680, 154
Trd, 001772.720, 151
Trd, 001774.750, 165
Trd, 001775.510, 167
Trd, 001776.550, 157
Trd, 001779.610, 143
Trd, 001779.800, 151
Trd, 001779.930, 143
Trd, 001783.910, 164
Trd, 001786.540, 166
Trd, 001790.840, 148
Trd, 001801.240, 162
Trd, 001801.730, 174
Trd, 001802.170, 164
Trd, 001802.220, 172
Trd, 001802.240, 163
Trd, 001802.410, 153
Trd, 001802.610, 176
Trd, 001802.750, 181
Trd, 001802.910, 189
Trd, 001803.270, 172
Trd, 001803.420, 156
Trd, 001806.350, 159
Trd, 001807.030, 164
Trd, 001818.930, 150
Trd, 001831.450, 187
Trd, 001831.670, 187
Trd, 001831.820, 196
Trd, 001831.960, 186
Trd, 001832.100, 191
Trd, 001832.120, 185
Trd, 001832.210, 189
Trd, 001832.660, 182
Trd, 001833.010, 178
Trd, 001833.520, 164
Trd, 001834.420, 160
Trd, 001835.440, 173
Trd, 001835.570, 175
Trd, 001837.580, 159
Trd, 001839.390, 160
Trd, 001842.080, 167
Trd, 001843.490, 168
Trd, 001852.970, 156
Trd, 001854.620, 179
Trd, 001861.380, 139
Trd, 001861.450, 142
Trd, 001861.650, 147
Trd, 001862.050, 154
Trd, 001862.290, 152
Trd, 001863.320, 158
Trd, 001863.580, 162
Trd, 001864.010, 149
Trd, 001864.110, 145
Trd, 001865.150, 151
Trd, 001884.000, 161
Trd, 001888.480, 165
Trd, 001891.340, 189
Trd, 001891.430, 183
Trd, 001891.520, 192
Trd, 001891.710, 171
Trd, 001891.860, 169
Trd, 001891.910, 167
Trd, 001892.050, 150
Trd, 001892.450, 169
Trd, 001892.800, 146
Trd, 001893.110, 155
Trd, 001893.270, 164
Trd, 001894.390, 148
Trd, 001894.440, 171
Trd, 001897.650, 170
Trd, 001902.030, 160
Trd, 001921.300, 194
Trd, 001921.590, 131
Trd, 001921.650, 144
Trd, 001921.680, 149
Trd, 001921.990, 170
Trd, 001922.030, 148
Trd, 001922.040, 173
Trd, 001922.950, 154
Trd, 001923.130, 149
Trd, 001923.320, 156
Trd, 001923.430, 156
Trd, 001923.520, 149
Trd, 001924.120, 157
Trd, 001925.120, 156
Trd, 001927.840, 154
Trd, 001943.910, 173
Trd, 001951.270, 190
Trd, 001951.410, 143
Trd, 001951.460, 142
Trd, 001951.710, 157
Trd, 001951.720, 156
Trd, 001952.150, 156
Trd, 001952.890, 154
Trd, 001954.350, 159
Trd, 001955.130, 160
Trd, 001955.920, 157
Trd, 001960.620, 165
Trd, 001981.350, 152
Trd, 001981.530, 153
Trd, 001981.750, 172
Trd, 001981.950, 149
Trd, 001982.080, 142
Trd, 001982.120, 180
Trd, 001982.530, 147
Trd, 001984.480, 154
Trd, 001984.960, 157
Trd, 001986.090, 154
Trd, 001986.910, 155
Trd, 001989.950, 145
Trd, 002011.400, 141
Trd, 002011.510, 174
Trd, 002011.790, 182
Trd, 002011.880, 180
Trd, 002011.980, 170
Trd, 002012.080, 172
Trd, 002012.680, 167
Trd, 002012.750, 167
Trd, 002014.240, 157
Trd, 002022.560, 155
Trd, 002028.990, 145
Trd, 002040.270, 142
Trd, 002040.710, 148
Trd, 002041.340, 175
Trd, 002041.710, 137
Trd, 002042.640, 139
Trd, 002043.430, 139
Trd, 002043.530, 155
Trd, 002047.140, 157
Trd, 002061.330, 158
Trd, 002071.510, 158
Trd, 002071.560, 182
Trd, 002071.810, 179
Trd, 002071.900, 183
Trd, 002072.090, 183
Trd, 002072.180, 176
Trd, 002072.260, 167
Trd, 002072.270, 172
Trd, 002072.330, 157
Trd, 002072.420, 168
Trd, 002072.730, 174
Trd, 002073.880, 161
Trd, 002074.530, 156
Trd, 002076.250, 156
Trd, 002083.670, 167
Trd, 002086.970, 153
Trd, 002087.690, 161
Trd, 002101.470, 173
Trd, 002101.820, 185
Trd, 002101.850, 183
Trd, 002101.880, 167
Trd, 002101.980, 199
Trd, 002102.310, 168
Trd, 002102.500, 167
Trd, 002102.580, 163
Trd, 002103.250, 162
Trd, 002107.120, 151
Trd, 002108.650, 156
Trd, 002110.340, 156
Trd, 002113.020, 161
Trd, 002118.960, 149
Trd, 002131.400, 166
Trd, 002131.460, 160
Trd, 002131.520, 141
Trd, 002131.640, 151
Trd, 002132.180, 169
Trd, 002132.650, 174
Trd, 002132.690, 167
Trd, 002133.310, 168
Trd, 002134.390, 174
Trd, 002138.980, 169
Trd, 002149.180, 166
Trd, 002161.490, 194
Trd, 002161.510, 173
Trd, 002161.640, 167
Trd, 002162.260, 168
Trd, 002162.330, 151
Trd, 002162.520, 152
Trd, 002162.940, 156
Trd, 002163.320, 160
Trd, 002165.090, 159
Trd, 002165.350, 163
Trd, 002170.670, 158
Trd, 002175.590, 157
Trd, 002191.460, 164
Trd, 002191.610, 135
Trd, 002191.640, 161
Trd, 002191.770, 140
Trd, 002191.790, 168
Trd, 002192.100, 138
Trd, 002192.280, 139
Trd, 002192.430, 140
Trd, 002192.730, 146
Trd, 002194.420, 154
Trd, 002195.230, 155
Trd, 002196.890, 148
Trd, 002201.120, 164
Trd, 002202.120, 153
Trd, 002208.530, 152
Trd, 002221.660, 187
Trd, 002221.810, 173
Trd, 002221.840, 163
Trd, 002221.990, 170
Trd, 002222.040, 152
Trd, 002222.070, 156
Trd, 002222.230, 149
Trd, 002222.750, 149
Trd, 002225.140, 158
Trd, 002225.790, 153
Trd, 002226.470, 160
Trd, 002235.380, 169
Trd, 002245.090, 162
Trd, 002249.000, 147
Trd, 002251.410, 196
Trd, 002251.540, 145
Trd, 002251.590, 172
Trd, 002252.040, 158
Trd, 002252.180, 147
Trd, 002252.460, 159
Trd, 002252.640, 160
Trd, 002252.830, 162
Trd, 002253.490, 163
Trd, 002253.730, 172
Trd, 002255.740, 166
Trd, 002258.380, 164
Trd, 002265.960, 155
Trd, 002274.310, 149
Trd, 002281.520, 166
Trd, 002281.840, 151
Trd, 002282.050, 154
Trd, 002282.360, 156
Trd, 002282.400, 150
Trd, 002282.450, 160
Trd, 002282.570, 149
Trd, 002283.080, 146
Trd, 002283.450, 144
Trd, 002283.520, 155
Trd, 002286.280, 146
Trd, 002292.220, 142
Trd, 002307.390, 157
Trd, 002311.460, 149
Trd, 002311.600, 156
Trd, 002311.720, 181
Trd, 002311.930, 180
Trd, 002311.970, 156
Trd, 002312.510, 165
Trd, 002312.850, 163
Trd, 002313.960, 154
Trd, 002314.000, 158
Trd, 002314.780, 159
Trd, 002320.390, 155
Trd, 002334.900, 154
Trd, 002341.510, 175
Trd, 002341.610, 158
Trd, 002341.790, 149
Trd, 002341.800, 159
Trd, 002341.900, 140
Trd, 002342.310, 159
Trd, 002343.160, 148
Trd, 002343.850, 143
Trd, 002344.220, 138
Trd, 002345.590, 147
Trd, 002345.630, 154
Trd, 002346.590, 160
Trd, 002349.830, 163
Trd, 002371.460, 131
Trd, 002371.690, 148
Trd, 002371.960, 159
Trd, 002372.230, 155
Trd, 002372.240, 141
Trd, 002372.250, 164
Trd, 002372.280, 172
Trd, 002372.450, 176
Trd, 002372.560, 142
Trd, 002373.010, 161
Trd, 002373.780, 152
Trd, 002376.650, 155
Trd, 002382.350, 162
Trd, 002390.310, 153
Trd, 002390.330, 150
Trd, 002392.010, 164
Trd, 002401.630, 170
Trd, 002401.830, 163
Trd, 002401.950, 153
Trd, 002402.360, 152
Trd, 002402.680, 151
Trd, 002404.280, 162
Trd, 002406.120, 156
Trd, 002409.340, 171
Trd, 002431.720, 141
Trd, 002431.850, 147
Trd, 002431.880, 134
Trd, 002431.980, 153
Trd, 002432.020, 162
Trd, 002432.090, 148
Trd, 002432.190, 140
Trd, 002432.250, 163
Trd, 002432.780, 164
Trd, 002432.910, 166
Trd, 002433.980, 165
Trd, 002434.310, 163
Trd, 002434.370, 162
Trd, 002449.820, 152
Trd, 002461.490, 147
Trd, 002461.770, 164
Trd, 002461.790, 170
Trd, 002462.030, 169
Trd, 002462.450, 168
Trd, 002462.470, 178
Trd, 002462.760, 180
Trd, 002462.920, 163
Trd, 002463.030, 158
Trd, 002463.460, 156
Trd, 002463.880, 156
Trd, 002465.100, 160
Trd, 002487.370, 156
Trd, 002491.730, 166
Trd, 002491.820, 151
Trd, 002491.950, 149
Trd, 002492.050, 156
Trd, 002492.060, 163
Trd, 002492.490, 152
Trd, 002493.240, 169
Trd, 002493.620, 164
Trd, 002494.000, 170
Trd, 002497.650, 160
Trd, 002501.570, 166
Trd, 002510.060, 159
Trd, 002521.760, 150
Trd, 002521.830, 160
Trd, 002521.850, 178
Trd, 002522.120, 144
Trd, 002522.250, 142
Trd, 002522.420, 140
Trd, 002522.470, 146
Trd, 002522.640, 147
Trd, 002522.960, 153
Trd, 002523.180, 138
Trd, 002523.390, 138
Trd, 002523.440, 157
Trd, 002524.220, 164
Trd, 002526.340, 161
Trd, 002536.760, 147
Trd, 002551.590, 177
Trd, 002551.600, 164
Trd, 002551.680, 148
Trd, 002551.760, 157
Trd, 002552.360, 145
Trd, 002552.380, 166
Trd, 002552.410, 166
Trd, 002552.420, 170
Trd, 002552.700, 166
Trd, 002553.320, 169
Trd, 002553.570, 158
Trd, 002553.900, 154
Trd, 002554.180, 170
Trd, 002556.740, 160
Trd, 002564.960, 170
Trd, 002566.130, 154
Trd, 002581.040, 154
Trd, 002581.640, 161
Trd, 002581.660, 162
Trd, 002581.760, 166
Trd, 002582.060, 172
Trd, 002582.190, 170
Trd, 002582.210, 140
Trd, 002582.420, 147
Trd, 002583.210, 147
Trd, 002584.270, 146
Trd, 002586.130, 160
Trd, 002596.360, 170
Trd, 002597.960, 174
Trd, 002611.620, 192
Trd, 002611.680, 178
Trd, 002611.940, 170
Trd, 002612.040, 161
Trd, 002612.190, 153
Trd, 002612.490, 145
Trd, 002612.580, 149
Trd, 002613.130, 169
Trd, 002614.910, 137
Trd, 002615.270, 154
Trd, 002617.460, 162
Trd, 002622.550, 169
Trd, 002641.630, 158
Trd, 002641.880, 161
Trd, 002641.970, 149
Trd, 002641.980, 158
Trd, 002642.280, 139
Trd, 002642.670, 142
Trd, 002643.090, 148
Trd, 002644.710, 156
Trd, 002646.020, 158
Trd, 002646.200, 154
Trd, 002649.750, 162
Trd, 002671.660, 153
Trd, 002671.680, 164
Trd, 002671.960, 135
Trd, 002672.270, 137
Trd, 002673.440, 150
Trd, 002674.590, 148
Trd, 002674.640, 150
Trd, 002680.400, 161
Trd, 002701.600, 198
Trd, 002701.740, 188
Trd, 002701.750, 185
Trd, 002701.850, 160
Trd, 002702.300, 169
Trd, 002702.400, 170
Trd, 002702.570, 166
Trd, 002702.730, 157
Trd, 002702.740, 150
Trd, 002703.160, 160
Trd, 002703.470, 174
Trd, 002703.650, 156
Trd, 002703.800, 149
Trd, 002704.620, 166
Trd, 002724.320, 149
Trd, 002731.670, 177
Trd, 002731.740, 172
Trd, 002731.780, 169
Trd, 002731.790, 135
Trd, 002732.150, 150
Trd, 002732.270, 151
Trd, 002732.640, 146
Trd, 002733.000, 153
Trd, 002733.400, 144
Trd, 002733.420, 153
Trd, 002733.840, 154
Trd, 002734.310, 160
Trd, 002735.610, 161
Trd, 002738.010, 171
Trd, 002746.980, 151
Trd, 002761.700, 154
Trd, 002761.870, 171
Trd, 002761.940, 143
Trd, 002762.180, 168
Trd, 002762.290, 169
Trd, 002762.310, 153
Trd, 002762.580, 151
Trd, 002762.800, 164
Trd, 002763.600, 163
Trd, 002768.820, 164
Trd, 002769.160, 171
Trd, 002772.990, 161
Trd, 002789.350, 173
Trd, 002791.660, 139
Trd, 002791.740, 134
Trd, 002792.020, 140
Trd, 002792.090, 144
Trd, 002792.220, 150
Trd, 002792.370, 155
Trd, 002792.850, 149
Trd, 002793.090, 157
Trd, 002793.750, 161
Trd, 002794.220, 163
Trd, 002794.320, 165
Trd, 002795.480, 136
Trd, 002801.400, 166
Trd, 002801.660, 169
Trd, 002821.740, 165
Trd, 002821.940, 140
Trd, 002822.010, 155
Trd, 002822.060, 160
Trd, 002822.340, 157
Trd, 002822.490, 154
Trd, 002822.910, 170
Trd, 002823.180, 158
Trd, 002823.680, 163
Trd, 002824.570, 161
Trd, 002825.330, 162
Trd, 002825.920, 167
Trd, 002840.410, 165
Trd, 002851.620, 179
Trd, 002851.730, 133
Trd, 002851.820, 141
Trd, 002851.890, 141
Trd, 002851.910, 152
Trd, 002851.970, 140
Trd, 002852.280, 159
Trd, 002852.430, 173
Trd, 002852.550, 148
Trd, 002852.610, 133
Trd, 002852.850, 161
Trd, 002852.930, 135
Trd, 002853.470, 161
Trd, 002854.080, 164
Trd, 002856.390, 162
Trd, 002881.660, 179
Trd, 002881.910, 170
Trd, 002882.280, 166
Trd, 002882.300, 164
Trd, 002882.450, 169
Trd, 002882.680, 158
Trd, 002883.280, 157
Trd, 002883.410, 158
Trd, 002883.490, 159
Trd, 002883.590, 153
Trd, 002883.710, 153
Trd, 002884.100, 159
Trd, 002884.240, 164
Trd, 002884.480, 149
Trd, 002885.950, 149
Trd, 002886.210, 163
Trd, 002893.410, 175
Trd, 002894.380, 175
Trd, 002906.450, 170
Trd, 002911.990, 141
Trd, 002912.100, 172
Trd, 002912.140, 165
Trd, 002912.170, 155
Trd, 002912.880, 151
Trd, 002913.000, 153
Trd, 002913.310, 153
Trd, 002914.060, 151
Trd, 002914.160, 149
Trd, 002915.800, 154
Trd, 002916.290, 166
Trd, 002921.150, 154
Trd, 002931.590, 170
Trd, 002939.490, 172
Trd, 002941.840, 135
Trd, 002942.170, 135
Trd, 002942.260, 135
Trd, 002942.300, 138
Trd, 002942.380, 160
Trd, 002942.440, 165
Trd, 002942.670, 147
Trd, 002942.700, 154
Trd, 002942.930, 143
Trd, 002943.850, 148
Trd, 002944.500, 154
Trd, 002944.670, 143
Trd, 002950.440, 161
Trd, 002971.670, 175
Trd, 002971.730, 178
Trd, 002971.850, 184
Trd, 002972.100, 166
Trd, 002972.110, 174
Trd, 002972.210, 157
Trd, 002972.640, 156
Trd, 002972.980, 157
Trd, 002973.290, 160
Trd, 002973.500, 165
Trd, 002973.800, 166
Trd, 002994.640, 167
Trd, 003001.670, 156
Trd, 003001.760, 163
Trd, 003001.780, 144
Trd, 003001.860, 190
Trd, 003002.030, 146
Trd, 003002.190, 158
Trd, 003002.340, 160
Trd, 003002.360, 149
Trd, 003003.780, 165
Trd, 003004.100, 165
Trd, 003014.070, 159
Trd, 003030.620, 160
Trd, 003032.010, 143
Trd, 003032.070, 152
Trd, 003032.120, 151
Trd, 003032.220, 153
Trd, 003032.310, 149
Trd, 003032.720, 152
Trd, 003033.860, 154
Trd, 003034.540, 155
Trd, 003034.790, 157
Trd, 003034.940, 155
Trd, 003037.310, 154
Trd, 003038.020, 161
Trd, 003041.590, 163
Trd, 003043.680, 165
Trd, 003059.280, 154
Trd, 003061.770, 186
Trd, 003061.820, 182
Trd, 003061.960, 187
Trd, 003062.200, 159
Trd, 003063.160, 140
Trd, 003063.950, 138
Trd, 003065.150, 161
Trd, 003065.450, 163
Trd, 003067.520, 163
Trd, 003068.450, 164
Trd, 003073.690, 147
Trd, 003081.020, 146
Trd, 003091.720, 170
Trd, 003091.850, 156
Trd, 003092.200, 151
Trd, 003092.710, 136
Trd, 003092.870, 142
Trd, 003093.280, 153
Trd, 003093.310, 148
Trd, 003093.540, 144
Trd, 003106.640, 148
Trd, 003111.770, 147
Trd, 003121.840, 171
Trd, 003121.940, 145
Trd, 003122.130, 159
Trd, 003122.220, 173
Trd, 003122.240, 175
Trd, 003122.370, 174
Trd, 003122.410, 189
Trd, 003122.470, 186
Trd, 003122.550, 157
Trd, 003122.720, 168
Trd, 003122.870, 153
Trd, 003123.070, 139
Trd, 003123.480, 154
Trd, 003123.980, 158
Trd, 003124.330, 145
Trd, 003124.900, 139
Trd, 003128.040, 146
Trd, 003128.610, 177
Trd, 003131.720, 135
Trd, 003146.380, 145
Trd, 003151.820, 141
Trd, 003151.870, 142
Trd, 003151.950, 160
Trd, 003152.070, 181
Trd, 003152.120, 169
Trd, 003152.280, 177
Trd, 003152.340, 186
Trd, 003152.550, 179
Trd, 003152.860, 148
Trd, 003152.990, 150
Trd, 003153.040, 146
Trd, 003153.730, 148
Trd, 003155.360, 148
Trd, 003156.160, 142
Trd, 003156.650, 150
Trd, 003181.710, 178
Trd, 003181.880, 154
Trd, 003182.030, 140
Trd, 003182.240, 137
Trd, 003182.380, 144
Trd, 003182.590, 147
Trd, 003182.790, 150
Trd, 003183.010, 145
Trd, 003183.160, 157
Trd, 003183.910, 141
Trd, 003184.660, 154
Trd, 003188.420, 156
Trd, 003188.650, 158
Trd, 003211.770, 147
Trd, 003212.250, 180
Trd, 003212.310, 176
Trd, 003212.360, 160
Trd, 003212.570, 157
Trd, 003214.250, 159
Trd, 003214.640, 159
Trd, 003214.960, 163
Trd, 003216.180, 162
Trd, 003217.030, 162
Trd, 003223.860, 165
Trd, 003241.900, 148
Trd, 003241.970, 176
Trd, 003242.130, 156
Trd, 003242.380, 163
Trd, 003242.430, 163
Trd, 003242.800, 173
Trd, 003242.830, 160
Trd, 003242.880, 150
Trd, 003244.820, 171
Trd, 003246.130, 177
Trd, 003246.780, 171
Trd, 003253.770, 156
Trd, 003262.700, 177
Trd, 003271.830, 138
Trd, 003271.970, 144
Trd, 003272.830, 156
Trd, 003272.970, 161
Trd, 003273.120, 177
Trd, 003273.270, 176
Trd, 003273.610, 156
Trd, 003274.730, 144
Trd, 003275.780, 156
Trd, 003301.750, 172
Trd, 003301.890, 165
Trd, 003301.920, 174
Trd, 003302.060, 148
Trd, 003302.260, 174
Trd, 003302.660, 175
Trd, 003302.790, 167
Trd, 003302.960, 155
Trd, 003303.110, 157
Trd, 003303.200, 150
Trd, 003303.510, 151
Trd, 003303.560, 177
Trd, 003304.160, 182
Trd, 003311.320, 150
Trd, 003331.880, 147
Trd, 003332.030, 149
Trd, 003332.120, 178
Trd, 003332.450, 172
Trd, 003332.570, 169
Trd, 003332.630, 166
Trd, 003332.800, 162
Trd, 003333.030, 168
Trd, 003333.440, 176
Trd, 003333.610, 181
Trd, 003333.700, 157
Trd, 003334.370, 175
Trd, 003340.700, 173
Trd, 003344.240, 181
Trd, 003353.530, 162
Trd, 003362.000, 157
Trd, 003362.070, 140
Trd, 003362.120, 143
Trd, 003362.550, 149
Trd, 003362.660, 148
Trd, 003362.810, 147
Trd, 003363.060, 148
Trd, 003363.370, 140
Trd, 003365.640, 152
Trd, 003365.860, 158
Trd, 003368.990, 153
Trd, 003369.400, 148
Trd, 003369.420, 154
Trd, 003375.610, 159
Trd, 003380.680, 139
Trd, 003391.830, 189
Trd, 003391.840, 167
Trd, 003391.930, 132
Trd, 003392.260, 150
Trd, 003392.270, 160
Trd, 003392.870, 137
Trd, 003393.010, 153
Trd, 003393.200, 154
Trd, 003393.680, 160
Trd, 003394.220, 154
Trd, 003394.270, 161
Trd, 003394.760, 163
Trd, 003395.550, 166
Trd, 003407.860, 164
Trd, 003409.300, 165
Trd, 003415.450, 160
Trd, 003421.870, 152
Trd, 003421.930, 152
Trd, 003422.030, 147
Trd, 003422.060, 155
Trd, 003422.400, 151
Trd, 003422.780, 140
Trd, 003423.110, 160
Trd, 003423.200, 138
Trd, 003424.210, 160
Trd, 003424.390, 154
Trd, 003424.520, 157
Trd, 003426.100, 144
Trd, 003426.720, 144
Trd, 003431.140, 145
Trd, 003452.090, 167
Trd, 003452.260, 156
Trd, 003452.320, 152
Trd, 003452.420, 146
Trd, 003452.560, 168
Trd, 003452.760, 144
Trd, 003453.600, 164
Trd, 003457.370, 165
Trd, 003458.630, 169
Trd, 003460.880, 166
Trd, 003466.010, 155
Trd, 003468.940, 173
Trd, 003481.540, 165
Trd, 003481.900, 159
Trd, 003481.970, 141
Trd, 003482.190, 133
Trd, 003482.320, 139
Trd, 003482.460, 146
Trd, 003482.520, 143
Trd, 003482.750, 141
Trd, 003482.950, 158
Trd, 003483.040, 140
Trd, 003483.230, 165
Trd, 003483.310, 137
Trd, 003483.380, 135
Trd, 003484.440, 166
Trd, 003485.160, 158
Trd, 003485.490, 159
Trd, 003489.450, 160
Trd, 003491.410, 167
Trd, 003511.980, 186
Trd, 003512.080, 161
Trd, 003512.170, 157
Trd, 003512.460, 145
Trd, 003512.580, 164
Trd, 003512.710, 154
Trd, 003513.080, 179
Trd, 003513.580, 177
Trd, 003513.710, 169
Trd, 003513.790, 177
Trd, 003514.290, 157
Trd, 003514.510, 152
Trd, 003514.620, 166
Trd, 003515.290, 168
Trd, 003527.800, 170
Trd, 003541.860, 174
Trd, 003542.000, 180
Trd, 003542.030, 162
Trd, 003542.190, 132
Trd, 003542.270, 152
Trd, 003542.500, 141
Trd, 003542.650, 180
Trd, 003543.500, 150
Trd, 003544.090, 160
Trd, 003547.070, 167
Trd, 003550.570, 169
Trd, 003551.660, 168
Trd, 003559.500, 164
Trd, 003561.770, 155
Trd, 003571.870, 140
Trd, 003572.250, 130
Trd, 003572.360, 134
Trd, 003572.780, 135
Trd, 003572.790, 136
Trd, 003573.080, 137
Trd, 003573.440, 147
Trd, 003573.740, 151
Trd, 003574.170, 151
Trd, 003574.610, 159
Trd, 003574.820, 159
Trd, 003578.500, 155
Trd, 003578.980, 151
Trd, 003590.830, 148
Trd, 003601.970, 162
Trd, 003602.090, 149
Trd, 003602.530, 143
Trd, 003602.580, 152
Trd, 003602.730, 152
Trd, 003602.770, 153
Trd, 003602.830, 148
Trd, 003603.050, 162
Trd, 003603.360, 167
Trd, 003603.530, 155
Trd, 003603.790, 166
Trd, 003604.520, 143
Trd, 003604.710, 147
Trd, 003605.560, 167
Trd, 003609.520, 138
Trd, 003627.110, 133
Trd, 003632.000, 178
Trd, 003632.060, 174
Trd, 003632.120, 168
Trd, 003632.160, 177
Trd, 003632.330, 168
Trd, 003632.480, 167
Trd, 003632.920, 160
Trd, 003633.110, 163
Trd, 003633.500, 158
Trd, 003634.190, 167
Trd, 003634.400, 178
Trd, 003640.250, 175
Trd, 003642.400, 173
Trd, 003662.150, 141
Trd, 003662.230, 139
Trd, 003662.270, 148
Trd, 003662.320, 151
Trd, 003662.380, 137
Trd, 003662.510, 156
Trd, 003665.350, 163
Trd, 003666.710, 161
Trd, 003678.840, 166
Trd, 003681.400, 136
Trd, 003691.920, 160
Trd, 003691.970, 172
Trd, 003692.020, 182
Trd, 003692.100, 149
Trd, 003692.190, 147
Trd, 003692.210, 158
Trd, 003692.260, 144
Trd, 003692.420, 166
Trd, 003693.500, 175
Trd, 003693.510, 169
Trd, 003693.770, 169
Trd, 003696.700, 170
Trd, 003699.680, 172
Trd, 003704.040, 167
Trd, 003722.000, 143
Trd, 003722.050, 171
Trd, 003722.140, 170
Trd, 003722.200, 174
Trd, 003722.270, 141
Trd, 003722.450, 150
Trd, 003722.570, 176
Trd, 003722.630, 169
Trd, 003722.750, 178
Trd, 003722.800, 158
Trd, 003723.040, 158
Trd, 003723.380, 159
Trd, 003724.530, 169
Trd, 003732.000, 177
Trd, 003735.600, 159
Trd, 003751.970, 163
Trd, 003752.320, 151
Trd, 003752.460, 147
Trd, 003752.490, 151
Trd, 003752.620, 145
Trd, 003752.830, 141
Trd, 003752.840, 140
Trd, 003752.970, 172
Trd, 003754.190, 153
Trd, 003754.350, 162
Trd, 003755.580, 170
Trd, 003755.720, 168
Trd, 003765.500, 172
Trd, 003767.150, 168
Trd, 003774.460, 147
Trd, 003782.710, 141
Trd, 003782.910, 139
Trd, 003783.050, 145
Trd, 003783.060, 149
Trd, 003783.110, 169
Trd, 003783.340, 165
Trd, 003783.350, 166
Trd, 003784.130, 152
Trd, 003784.170, 147
Trd, 003784.970, 155
Trd, 003786.940, 165
Trd, 003787.550, 161
Trd, 003795.120, 162
Trd, 003799.460, 159
Trd, 003812.010, 151
Trd, 003812.170, 155
Trd, 003812.220, 157
Trd, 003812.240, 162
Trd, 003812.490, 158
Trd, 003812.580, 152
Trd, 003812.600, 138
Trd, 003812.790, 151
Trd, 003812.830, 164
Trd, 003813.180, 144
Trd, 003813.610, 154
Trd, 003813.810, 150
Trd, 003814.890, 155
Trd, 003815.740, 156
Trd, 003816.200, 164
Trd, 003818.880, 170
Trd, 003820.630, 160
Trd, 003827.690, 170
Trd, 003842.200, 146
Trd, 003842.230, 138
Trd, 003842.290, 148
Trd, 003843.100, 145
Trd, 003843.120, 146
Trd, 003843.520, 148
Trd, 003843.940, 149
Trd, 003847.120, 151
Trd, 003849.280, 167
Trd, 003849.990, 167
Trd, 003862.900, 157
Trd, 003871.990, 168
Trd, 003872.020, 187
Trd, 003872.740, 156
Trd, 003872.860, 153
Trd, 003873.420, 144
Trd, 003873.590, 143
Trd, 003873.830, 154
Trd, 003873.890, 155
Trd, 003874.590, 144
Trd, 003877.150, 158
Trd, 003887.940, 142
Trd, 003897.590, 158
Trd, 003901.980, 176
Trd, 003902.030, 153
Trd, 003902.120, 155
Trd, 003902.130, 136
Trd, 003902.210, 156
Trd, 003902.370, 177
Trd, 003902.380, 171
Trd, 003903.030, 158
Trd, 003903.140, 162
Trd, 003903.320, 145
Trd, 003903.720, 165
Trd, 003904.070, 171
Trd, 003906.180, 158
Trd, 003908.900, 154
Trd, 003912.900, 166
Trd, 003927.180, 158
Trd, 003932.050, 194
Trd, 003932.270, 178
Trd, 003932.530, 170
Trd, 003932.840, 161
Trd, 003932.990, 178
Trd, 003933.020, 154
Trd, 003934.710, 159
Trd, 003934.730, 158
Trd, 003936.210, 152
Trd, 003938.740, 155
Trd, 003942.020, 163
Trd, 003946.230, 151
Trd, 003949.580, 141
Trd, 003955.020, 160
Trd, 003962.120, 154
Trd, 003962.290, 130
Trd, 003962.420, 137
Trd, 003962.890, 138
Trd, 003963.160, 134
Trd, 003963.190, 144
Trd, 003963.320, 144
Trd, 003963.430, 167
Trd, 003963.800, 130
Trd, 003967.280, 167
Trd, 003968.210, 154
Trd, 003992.020, 137
Trd, 003992.260, 172
Trd, 003992.300, 185
Trd, 003992.600, 169
Trd, 003993.410, 168
Trd, 003994.270, 168
Trd, 003994.730, 167
Trd, 003995.050, 167
Trd, 003995.560, 161
Trd, 003996.290, 167
Trd, 003996.590, 154
Trd, 004000.840, 156
Trd, 004001.090, 157
Trd, 004001.410, 160
Trd, 004001.440, 161
Trd, 004001.550, 158
Trd, 004002.540, 155
Trd, 004003.640, 154
Trd, 004003.810, 156
Trd, 004004.370, 153
Trd, 004021.080, 151
Trd, 004022.130, 158
Trd, 004022.140, 151
Trd, 004022.380, 179
Trd, 004022.450, 165
Trd, 004022.470, 180
Trd, 004022.480, 163
Trd, 004022.830, 156
Trd, 004023.030, 152
Trd, 004023.090, 150
Trd, 004023.260, 150
Trd, 004023.410, 150
Trd, 004023.470, 148
Trd, 004023.580, 154
Trd, 004023.790, 157
Trd, 004024.130, 157
Trd, 004026.230, 159
Trd, 004027.400, 156
Trd, 004031.490, 160
Trd, 004031.540, 160
Trd, 004033.470, 162
Trd, 004052.080, 169
Trd, 004052.130, 147
Trd, 004052.230, 166
Trd, 004052.610, 135
Trd, 004052.730, 134
Trd, 004052.760, 137
Trd, 004052.770, 137
Trd, 004052.980, 142
Trd, 004053.090, 153
Trd, 004053.190, 159
Trd, 004053.210, 160
Trd, 004053.390, 162
Trd, 004054.760, 161
Trd, 004054.980, 162
Trd, 004057.700, 162
Trd, 004059.620, 165
Trd, 004060.250, 161
Trd, 004063.610, 164
Trd, 004063.780, 159
Trd, 004082.070, 184
Trd, 004082.140, 182
Trd, 004082.190, 185
Trd, 004082.360, 169
Trd, 004082.390, 166
Trd, 004082.640, 152
Trd, 004082.740, 155
Trd, 004082.880, 156
Trd, 004083.120, 154
Trd, 004083.200, 153
Trd, 004083.360, 153
Trd, 004083.400, 152
Trd, 004083.660, 153
Trd, 004083.790, 156
Trd, 004083.840, 156
Trd, 004086.910, 156
Trd, 004087.100, 152
Trd, 004090.750, 149
Trd, 004091.530, 158
Trd, 004112.090, 140
Trd, 004112.220, 145
Trd, 004112.240, 145
Trd, 004112.300, 147
Trd, 004112.460, 143
Trd, 004112.690, 134
Trd, 004112.750, 133
Trd, 004112.930, 134
Trd, 004113.210, 138
Trd, 004113.610, 138
Trd, 004113.890, 147
Trd, 004114.490, 151
Trd, 004115.220, 151
Trd, 004115.930, 156
Trd, 004122.430, 157
Trd, 004131.750, 151
Trd, 004142.070, 197
Trd, 004142.110, 181
Trd, 004142.160, 168
Trd, 004142.300, 192
Trd, 004142.460, 153
Trd, 004142.630, 159
Trd, 004142.710, 156
Trd, 004142.860, 157
Trd, 004142.940, 162
Trd, 004143.000, 162
Trd, 004143.380, 162
Trd, 004143.430, 158
Trd, 004143.690, 155
Trd, 004143.780, 158
Trd, 004143.970, 161
Trd, 004144.190, 163
Trd, 004144.380, 165
Trd, 004144.920, 161
Trd, 004145.040, 155
Trd, 004145.430, 165
Trd, 004149.860, 167
Trd, 004155.400, 168
Trd, 004158.210, 168
Trd, 004172.110, 145
Trd, 004172.350, 165
Trd, 004172.390, 165
Trd, 004172.500, 165
Trd, 004172.800, 164
Trd, 004172.980, 156
Trd, 004172.990, 151
Trd, 004173.420, 149
Trd, 004173.710, 154
Trd, 004174.960, 153
Trd, 004175.180, 158
Trd, 004175.290, 157
Trd, 004175.750, 154
Trd, 004186.620, 158
Trd, 004202.080, 199
Trd, 004202.180, 169
Trd, 004202.470, 198
Trd, 004202.550, 197
Trd, 004202.580, 167
Trd, 004202.710, 167
Trd, 004202.860, 167
Trd, 004202.870, 163
Trd, 004203.110, 170
Trd, 004203.200, 169
Trd, 004203.390, 171
Trd, 004203.440, 169
Trd, 004204.050, 169
Trd, 004204.150, 169
Trd, 004205.080, 163
Trd, 004211.940, 162
Trd, 004213.890, 157
Trd, 004216.690, 162
Trd, 004219.760, 165
Trd, 004219.800, 171
Trd, 004232.090, 140
Trd, 004232.240, 165
Trd, 004232.440, 172
Trd, 004232.570, 171
Trd, 004232.900, 172
Trd, 004233.050, 170
Trd, 004233.230, 168
Trd, 004233.710, 168
Trd, 004234.130, 170
Trd, 004235.630, 167
Trd, 004235.720, 169
Trd, 004242.990, 163
Trd, 004244.950, 161
Trd, 004255.950, 155
Trd, 004262.280, 151
Trd, 004262.300, 159
Trd, 004262.420, 160
Trd, 004262.520, 176
Trd, 004262.610, 158
Trd, 004262.990, 161
Trd, 004263.130, 159
Trd, 004263.180, 158
Trd, 004263.310, 158
Trd, 004263.590, 159
Trd, 004264.750, 161
Trd, 004264.870, 162
Trd, 004265.050, 163
Trd, 004273.640, 161
Trd, 004273.700, 162
Trd, 004290.190, 162
Trd, 004292.200, 185
Trd, 004292.230, 173
Trd, 004292.430, 164
Trd, 004292.590, 161
Trd, 004292.710, 145
Trd, 004292.970, 151
Trd, 004293.090, 147
Trd, 004293.230, 150
Trd, 004293.320, 150
Trd, 004293.430, 148
Trd, 004293.540, 154
Trd, 004293.660, 150
Trd, 004293.870, 146
Trd, 004293.970, 162
Trd, 004295.790, 148
Trd, 004296.960, 149
Trd, 004298.630, 151
Trd, 004306.300, 160
Trd, 004316.440, 145
Trd, 004322.220, 166
Trd, 004322.300, 164
Trd, 004322.570, 155
Trd, 004322.770, 152
Trd, 004322.950, 142
Trd, 004322.970, 139
Trd, 004323.170, 153
Trd, 004323.470, 154
Trd, 004323.830, 152
Trd, 004324.030, 148
Trd, 004324.040, 154
Trd, 004325.010, 151
Trd, 004325.960, 155
Trd, 004326.620, 157
Trd, 004326.990, 146
Trd, 004328.750, 158
Trd, 004343.070, 145
Trd, 004352.150, 155
Trd, 004352.210, 158
Trd, 004352.220, 168
Trd, 004352.300, 170
Trd, 004352.440, 169
Trd, 004352.450, 168
Trd, 004352.710, 166
Trd, 004352.740, 166
Trd, 004352.800, 159
Trd, 004352.980, 158
Trd, 004353.210, 165
Trd, 004353.360, 163
Trd, 004353.370, 166
Trd, 004354.940, 162
Trd, 004355.060, 162
Trd, 004355.440, 165
Trd, 004356.060, 160
Trd, 004358.290, 157
Trd, 004359.270, 155
Trd, 004363.580, 157
Trd, 004366.480, 167
Trd, 004380.310, 158
Trd, 004382.170, 138
Trd, 004382.200, 170
Trd, 004382.250, 155
Trd, 004382.390, 170
Trd, 004382.480, 165
Trd, 004382.610, 168
Trd, 004382.770, 175
Trd, 004382.810, 172
Trd, 004383.230, 170
Trd, 004383.290, 163
Trd, 004383.510, 159
Trd, 004383.720, 153
Trd, 004384.130, 156
Trd, 004384.480, 157
Trd, 004384.510, 162
Trd, 004386.240, 150
Trd, 004387.010, 149
Trd, 004389.170, 153
Trd, 004398.330, 153
Trd, 004398.400, 145
Trd, 004399.940, 157
Trd, 004402.190, 160
Trd, 004412.220, 143
Trd, 004412.320, 146
Trd, 004412.340, 160
Trd, 004412.760, 162
Trd, 004412.940, 149
Trd, 004413.170, 142
Trd, 004413.220, 155
Trd, 004413.940, 151
Trd, 004414.260, 155
Trd, 004414.380, 155
Trd, 004414.500, 163
Trd, 004415.020, 159
Trd, 004415.220, 163
Trd, 004415.460, 174
Trd, 004419.630, 174
Trd, 004428.360, 160
Trd, 004442.230, 172
Trd, 004442.260, 170
Trd, 004442.420, 136
Trd, 004442.430, 143
Trd, 004442.550, 145
Trd, 004442.610, 145
Trd, 004442.690, 154
Trd, 004442.860, 154
Trd, 004443.030, 159
Trd, 004443.090, 166
Trd, 004443.180, 158
Trd, 004443.300, 168
Trd, 004443.780, 159
Trd, 004443.890, 169
Trd, 004444.080, 169
Trd, 004444.210, 169
Trd, 004444.280, 165
Trd, 004444.390, 152
Trd, 004444.660, 152
Trd, 004445.850, 157
Trd, 004447.500, 153
Trd, 004447.580, 157
Trd, 004455.890, 150
Trd, 004461.370, 172
Trd, 004472.350, 174
Trd, 004472.380, 179
Trd, 004472.530, 179
Trd, 004472.630, 186
Trd, 004472.710, 174
Trd, 004472.840, 185
Trd, 004472.890, 169
Trd, 004473.200, 176
Trd, 004473.240, 181
Trd, 004473.380, 168
Trd, 004473.640, 165
Trd, 004473.980, 166
Trd, 004474.060, 165
Trd, 004474.230, 162
Trd, 004474.310, 154
Trd, 004474.320, 154
Trd, 004474.540, 164
Trd, 004475.220, 165
Trd, 004479.920, 162
Trd, 004487.180, 160
Trd, 004494.600, 151
Trd, 004502.250, 148
Trd, 004502.380, 141
Trd, 004502.500, 145
Trd, 004502.540, 146
Trd, 004502.580, 141
Trd, 004502.600, 139
Trd, 004502.790, 149
Trd, 004503.350, 142
Trd, 004504.060, 146
Trd, 004504.490, 148
Trd, 004505.200, 146
Trd, 004505.510, 141
Trd, 004506.650, 150
Trd, 004507.300, 153
Trd, 004510.370, 155
Trd, 004530.900, 154
Trd, 004532.280, 189
Trd, 004532.330, 182
Trd, 004532.410, 158
Trd, 004532.460, 153
Trd, 004532.790, 158
Trd, 004532.870, 158
Trd, 004532.960, 160
Trd, 004532.990, 153
Trd, 004533.140, 163
Trd, 004533.490, 148
Trd, 004533.640, 160
Trd, 004533.780, 166
Trd, 004533.870, 143
Trd, 004533.960, 168
Trd, 004534.060, 147
Trd, 004534.070, 171
Trd, 004540.070, 153
Trd, 004543.680, 161
Trd, 004548.220, 163
Trd, 004562.450, 168
Trd, 004562.460, 157
Trd, 004562.560, 163
Trd, 004562.600, 168
Trd, 004562.660, 169
Trd, 004562.860, 166
Trd, 004562.920, 162
Trd, 004563.190, 161
Trd, 004563.290, 159
Trd, 004563.350, 157
Trd, 004563.600, 163
Trd, 004563.670, 160
Trd, 004564.220, 160
Trd, 004564.570, 166
Trd, 004564.760, 153
Trd, 004565.700, 157
Trd, 004568.030, 167
Trd, 004572.410, 153
Trd, 004591.260, 163
Trd, 004592.450, 161
Trd, 004592.740, 158
Trd, 004592.760, 156
Trd, 004592.790, 153
Trd, 004592.890, 158
Trd, 004592.970, 161
Trd, 004593.090, 163
Trd, 004593.160, 165
Trd, 004593.490, 155
Trd, 004593.580, 157
Trd, 004593.800, 150
Trd, 004594.040, 153
Trd, 004596.340, 163
Trd, 004597.900, 163
Trd, 004597.950, 159
Trd, 004600.200, 168
Trd, 004608.780, 168
Trd, 004613.060, 147
Trd, 004622.300, 131
Trd, 004622.320, 132
Trd, 004622.400, 133
Trd, 004622.510, 134
Trd, 004622.710, 145
Trd, 004622.800, 151
Trd, 004622.910, 143
Trd, 004623.000, 136
Trd, 004623.090, 135
Trd, 004623.340, 142
Trd, 004623.500, 149
Trd, 004623.670, 152
Trd, 004623.830, 152
Trd, 004623.910, 157
Trd, 004623.970, 157
Trd, 004624.080, 159
Trd, 004624.470, 160
Trd, 004625.100, 157
Trd, 004625.870, 162
Trd, 004631.270, 167
Trd, 004642.510, 162
Trd, 004652.330, 186
Trd, 004652.360, 197
Trd, 004652.380, 175
Trd, 004652.480, 193
Trd, 004652.510, 172
Trd, 004652.590, 171
Trd, 004652.610, 178
Trd, 004652.900, 170
Trd, 004652.960, 168
Trd, 004652.990, 163
Trd, 004653.290, 174
Trd, 004653.390, 157
Trd, 004653.450, 188
Trd, 004654.410, 163
Trd, 004655.010, 159
Trd, 004655.640, 166
Trd, 004656.000, 165
Trd, 004656.770, 170
Trd, 004659.800, 156
Trd, 004675.720, 156
Trd, 004682.300, 152
Trd, 004682.390, 158
Trd, 004682.530, 173
Trd, 004682.950, 173
Trd, 004683.030, 173
Trd, 004683.230, 170
Trd, 004683.290, 176
Trd, 004683.560, 169
Trd, 004683.770, 176
Trd, 004683.810, 178
Trd, 004683.960, 172
Trd, 004684.600, 159
Trd, 004685.060, 166
Trd, 004685.630, 166
Trd, 004685.700, 169
Trd, 004686.140, 162
Trd, 004688.040, 161
Trd, 004689.230, 166
Trd, 004689.810, 166
Trd, 004695.290, 157
Trd, 004712.350, 165
Trd, 004712.580, 167
Trd, 004712.720, 161
Trd, 004712.730, 158
Trd, 004712.960, 157
Trd, 004713.310, 155
Trd, 004713.360, 161
Trd, 004713.470, 151
Trd, 004713.760, 160
Trd, 004714.180, 156
Trd, 004714.470, 165
Trd, 004715.180, 168
Trd, 004715.620, 151
Trd, 004715.690, 170
Trd, 004722.980, 157
Trd, 004723.520, 144
Trd, 004724.530, 154
Trd, 004725.670, 160
Trd, 004726.150, 147
Trd, 004727.410, 162
Trd, 004742.450, 148
Trd, 004742.500, 145
Trd, 004742.630, 151
Trd, 004742.690, 162
Trd, 004742.720, 151
Trd, 004742.760, 174
Trd, 004742.930, 167
Trd, 004743.150, 168
Trd, 004743.420, 175
Trd, 004743.650, 167
Trd, 004743.970, 166
Trd, 004744.150, 161
Trd, 004744.440, 163
Trd, 004744.900, 159
Trd, 004746.400, 160
Trd, 004749.260, 164
Trd, 004767.870, 158
Trd, 004772.290, 145
Trd, 004772.440, 180
Trd, 004772.460, 157
Trd, 004772.470, 190
Trd, 004772.630, 158
Trd, 004772.710, 163
Trd, 004772.770, 162
Trd, 004773.000, 154
Trd, 004773.100, 156
Trd, 004773.150, 165
Trd, 004774.270, 154
Trd, 004774.350, 153
Trd, 004774.590, 152
Trd, 004774.650, 157
Trd, 004774.840, 166
Trd, 004775.850, 168
Trd, 004783.270, 160
Trd, 004802.280, 144
Trd, 004802.370, 130
Trd, 004802.470, 147
Trd, 004802.500, 151
Trd, 004802.610, 140
Trd, 004802.630, 141
Trd, 004802.920, 148
Trd, 004802.950, 153
Trd, 004803.050, 154
Trd, 004803.140, 159
Trd, 004803.320, 147
Trd, 004803.430, 139
Trd, 004803.600, 151
Trd, 004803.810, 151
Trd, 004804.310, 162
Trd, 004804.770, 159
Trd, 004805.340, 161
Trd, 004805.650, 166
Trd, 004808.600, 170
Trd, 004818.800, 165
Trd, 004822.390, 171
Trd, 004832.350, 137
Trd, 004832.430, 131
Trd, 004832.440, 142
Trd, 004832.610, 145
Trd, 004832.700, 155
Trd, 004832.890, 161
Trd, 004833.510, 164
Trd, 004833.810, 158
Trd, 004834.400, 157
Trd, 004834.500, 166
Trd, 004835.920, 176
Trd, 004836.450, 171
Trd, 004837.680, 170
Trd, 004841.910, 154
Trd, 004844.040, 149
Trd, 004845.910, 164
Trd, 004849.840, 156
Trd, 004856.620, 148
Trd, 004858.180, 147
Trd, 004862.470, 178
Trd, 004862.490, 173
Trd, 004862.670, 152
Trd, 004862.790, 171
Trd, 004862.920, 175
Trd, 004862.930, 179
Trd, 004863.040, 153
Trd, 004863.210, 178
Trd, 004863.230, 154
Trd, 004863.260, 149
Trd, 004863.610, 151
Trd, 004863.860, 162
Trd, 004863.910, 146
Trd, 004864.300, 164
Trd, 004864.490, 165
Trd, 004864.540, 163
Trd, 004864.720, 166
Trd, 004866.360, 150
Trd, 004890.680, 145
Trd, 004892.320, 156
Trd, 004892.560, 160
Trd, 004892.660, 170
Trd, 004892.780, 171
Trd, 004892.790, 172
Trd, 004892.870, 173
Trd, 004892.880, 169
Trd, 004892.970, 165
Trd, 004893.010, 160
Trd, 004893.340, 160
Trd, 004893.390, 171
Trd, 004893.560, 162
Trd, 004893.880, 169
Trd, 004893.960, 158
Trd, 004894.460, 167
Trd, 004895.020, 154
Trd, 004895.440, 170
Trd, 004897.460, 174
Trd, 004916.520, 168
Trd, 004919.340, 143
Trd, 004922.340, 153
Trd, 004922.350, 158
Trd, 004922.430, 144
Trd, 004922.470, 154
Trd, 004922.570, 161
Trd, 004922.600, 160
Trd, 004922.620, 140
Trd, 004922.780, 142
Trd, 004922.930, 145
Trd, 004923.180, 140
Trd, 004923.200, 144
Trd, 004923.330, 149
Trd, 004923.390, 151
Trd, 004923.480, 155
Trd, 004923.520, 159
Trd, 004923.640, 155
Trd, 004923.740, 161
Trd, 004923.880, 146
Trd, 004923.930, 157
Trd, 004923.990, 164
Trd, 004925.060, 147
Trd, 004925.140, 164
Trd, 004952.450, 158
Trd, 004952.650, 144
Trd, 004952.990, 143
Trd, 004953.200, 145
Trd, 004953.240, 147
Trd, 004953.290, 147
Trd, 004953.390, 141
Trd, 004953.400, 139
Trd, 004953.450, 151
Trd, 004953.700, 160
Trd, 004953.810, 160
Trd, 004953.990, 153
Trd, 004954.260, 159
Trd, 004954.290, 164
Trd, 004954.610, 149
Trd, 004955.730, 149
Trd, 004957.670, 157
Trd, 004958.580, 159
Trd, 004961.380, 156
Trd, 004961.890, 146
Trd, 004982.370, 175
Trd, 004982.400, 169
Trd, 004982.590, 145
Trd, 004982.690, 140
Trd, 004982.740, 163
Trd, 004983.020, 144
Trd, 004983.050, 147
Trd, 004983.140, 148
Trd, 004983.190, 137
Trd, 004983.210, 137
Trd, 004983.250, 162
Trd, 004983.450, 159
Trd, 004983.650, 167
Trd, 004983.770, 153
Trd, 004984.040, 162
Trd, 004984.940, 147
Trd, 004985.180, 164
Trd, 004986.930, 151
Trd, 004992.380, 155
Trd, 004994.300, 157
Trd, 004995.510, 166
Trd, 004997.490, 155
