Trd, 000030.340, 141.0
Trd, 000030.360, 125.0
Trd, 000030.560, 132
Trd, 000030.640, 118
Trd, 000030.680, 75.0
Trd, 000030.920, 133.0
Trd, 000031.000, 83.0
Trd, 000031.160, 129.0
Trd, 000031.460, 96
Trd, 000031.720, 95.0
Trd, 000038.880, 116.0
Trd, 000041.260, 113
Trd, 000047.960, 104
Trd, 000049.300, 104.0
Trd, 000060.180, 105
Trd, 000060.320, 95.0
Trd, 000060.460, 103
Trd, 000060.960, 101
Trd, 000061.140, 102
Trd, 000061.300, 101
Trd, 000061.320, 104
Trd, 000062.880, 104
Trd, 000065.360, 104
Trd, 000069.020, 108.0
Trd, 000070.400, 103
Trd, 000073.360, 102
Trd, 000090.240, 106
Trd, 000090.560, 133.0
Trd, 000090.580, 136.0
Trd, 000090.740, 116.0
Trd, 000090.880, 107
Trd, 000091.340, 105
Trd, 000091.360, 83.0
Trd, 000092.840, 106
Trd, 000098.720, 108.0
Trd, 000100.740, 106
Trd, 000105.480, 104.0
Trd, 000120.340, 129.0
Trd, 000120.520, 66.0
Trd, 000120.720, 133.0
Trd, 000121.040, 129.0
Trd, 000121.060, 117
Trd, 000121.380, 107
Trd, 000122.040, 103
Trd, 000122.820, 104.0
Trd, 000123.920, 102
Trd, 000125.680, 102
Trd, 000134.420, 103
Trd, 000150.180, 141.0
Trd, 000150.380, 117
Trd, 000150.500, 93
Trd, 000150.720, 103
Trd, 000151.660, 105.0
Trd, 000152.100, 103
Trd, 000152.460, 103.0
Trd, 000154.640, 103
Trd, 000155.260, 104
Trd, 000160.180, 102
Trd, 000164.780, 101
Trd, 000180.420, 83.0
Trd, 000181.060, 95.0
Trd, 000181.400, 96
Trd, 000181.620, 95
Trd, 000181.660, 97
Trd, 000181.880, 97
Trd, 000182.000, 95
Trd, 000182.620, 100.0
Trd, 000185.720, 104
Trd, 000187.820, 104
Trd, 000188.240, 108.0
Trd, 000200.400, 105
Trd, 000210.240, 106
Trd, 000210.640, 69
Trd, 000210.740, 92
Trd, 000210.860, 68
Trd, 000211.220, 74
Trd, 000211.240, 75
Trd, 000211.260, 83
Trd, 000211.460, 83.0
Trd, 000211.760, 108.0
Trd, 000212.220, 112.0
Trd, 000216.200, 94
Trd, 000221.280, 100
Trd, 000222.540, 100.0
Trd, 000230.540, 105
Trd, 000240.320, 104
Trd, 000240.400, 141.0
Trd, 000240.780, 128.0
Trd, 000240.840, 129.0
Trd, 000241.080, 129.0
Trd, 000241.380, 125
Trd, 000242.080, 125.0
Trd, 000242.100, 116.0
Trd, 000250.380, 104.0
Trd, 000251.300, 103
Trd, 000257.740, 99
Trd, 000270.440, 133.0
Trd, 000270.460, 112
Trd, 000270.720, 105
Trd, 000270.840, 104.0
Trd, 000270.920, 111
Trd, 000271.500, 111.0
Trd, 000272.700, 106
Trd, 000272.860, 106.0
Trd, 000273.820, 106
Trd, 000276.720, 105
Trd, 000288.160, 106
Trd, 000296.240, 105
Trd, 000300.500, 141.0
Trd, 000300.700, 129.0
Trd, 000300.720, 125.0
Trd, 000300.800, 112
Trd, 000301.100, 108.0
Trd, 000302.260, 107
Trd, 000303.460, 106
Trd, 000304.900, 104.0
Trd, 000311.320, 102
Trd, 000312.100, 101
Trd, 000314.160, 100
Trd, 000319.000, 101
Trd, 000330.380, 129.0
Trd, 000330.780, 99
Trd, 000330.860, 98
Trd, 000331.840, 89
Trd, 000331.860, 94
Trd, 000332.060, 94
Trd, 000332.420, 93
Trd, 000332.540, 94
Trd, 000335.880, 100.0
Trd, 000338.840, 106
Trd, 000342.600, 106
Trd, 000355.980, 100
Trd, 000360.380, 58.0
Trd, 000360.540, 124
Trd, 000360.740, 100
Trd, 000360.780, 97.0
Trd, 000361.060, 111.0
Trd, 000361.260, 112.0
Trd, 000362.380, 109
Trd, 000363.360, 110
Trd, 000363.580, 110
Trd, 000367.780, 104.0
Trd, 000375.440, 96
Trd, 000375.700, 95.0
Trd, 000383.660, 89
Trd, 000390.740, 101
Trd, 000390.760, 101
Trd, 000390.840, 83.0
Trd, 000390.860, 98
Trd, 000390.960, 106
Trd, 000391.680, 108.0
Trd, 000391.940, 110.0
Trd, 000393.440, 105.0
Trd, 000393.600, 107.0
Trd, 000395.140, 105.0
Trd, 000399.100, 104.0
Trd, 000404.200, 104
Trd, 000408.020, 103
Trd, 000420.580, 102
Trd, 000420.640, 106
Trd, 000420.800, 133.0
Trd, 000421.220, 112.0
Trd, 000421.460, 111
Trd, 000421.580, 141.0
Trd, 000421.940, 125
Trd, 000423.480, 106.0
Trd, 000423.680, 107.0
Trd, 000425.040, 105
Trd, 000432.500, 104.0
Trd, 000433.480, 95.0
Trd, 000450.520, 129.0
Trd, 000450.620, 141.0
Trd, 000450.800, 133.0
Trd, 000451.200, 108.0
Trd, 000451.720, 120
Trd, 000452.680, 109
Trd, 000453.300, 113
Trd, 000454.380, 109
Trd, 000454.680, 107
Trd, 000456.020, 107
Trd, 000471.300, 104.0
Trd, 000472.320, 95.0
Trd, 000479.700, 88
Trd, 000480.760, 105
Trd, 000480.780, 107.0
Trd, 000480.900, 104
Trd, 000480.920, 98
Trd, 000481.000, 85
Trd, 000481.520, 100
Trd, 000482.760, 101
Trd, 000483.300, 101
Trd, 000486.660, 103.0
Trd, 000491.980, 104
Trd, 000497.640, 103
Trd, 000504.040, 108.0
Trd, 000510.700, 141.0
Trd, 000510.720, 125.0
Trd, 000511.180, 133.0
Trd, 000511.440, 129.0
Trd, 000511.820, 124
Trd, 000512.200, 116.0
Trd, 000512.420, 113
Trd, 000512.640, 104.0
Trd, 000513.600, 115
Trd, 000514.600, 113
Trd, 000519.340, 106
Trd, 000521.320, 95
Trd, 000540.880, 110
Trd, 000541.040, 97.0
Trd, 000541.220, 104
Trd, 000541.320, 105
Trd, 000542.080, 102
Trd, 000542.520, 98.0
Trd, 000542.760, 96
Trd, 000543.100, 99
Trd, 000544.160, 99
Trd, 000545.880, 106.0
Trd, 000564.260, 104.0
Trd, 000570.920, 95.0
Trd, 000571.240, 76
Trd, 000571.320, 99
Trd, 000571.460, 100
Trd, 000571.580, 100.0
Trd, 000571.660, 101
Trd, 000572.260, 104
Trd, 000572.760, 102
Trd, 000573.700, 102
Trd, 000575.720, 101
Trd, 000582.060, 100
Trd, 000588.320, 101
Trd, 000591.380, 99
Trd, 000600.960, 101
Trd, 000601.120, 95
Trd, 000601.160, 94
Trd, 000601.620, 100
Trd, 000601.900, 101
Trd, 000603.200, 108.0
Trd, 000605.400, 104
Trd, 000616.200, 105
Trd, 000616.240, 104
Trd, 000618.580, 103
Trd, 000630.840, 66.0
Trd, 000631.060, 98
Trd, 000631.120, 108.0
Trd, 000631.500, 132
Trd, 000632.280, 121
Trd, 000633.380, 116
Trd, 000634.780, 117
Trd, 000636.560, 115
Trd, 000641.080, 104.0
Trd, 000643.420, 105
Trd, 000646.700, 102
Trd, 000661.060, 141.0
Trd, 000661.080, 129.0
Trd, 000661.600, 121
Trd, 000661.700, 116
Trd, 000661.760, 115
Trd, 000662.240, 112
Trd, 000662.700, 109
Trd, 000664.320, 108
Trd, 000665.960, 107
Trd, 000667.440, 104.0
Trd, 000668.300, 104
Trd, 000691.100, 141.0
Trd, 000691.340, 133.0
Trd, 000691.420, 129.0
Trd, 000691.580, 125.0
Trd, 000691.620, 110
Trd, 000691.640, 105
Trd, 000691.720, 97
Trd, 000692.380, 129
Trd, 000692.620, 116.0
Trd, 000695.900, 115
Trd, 000698.100, 107
Trd, 000698.280, 107
Trd, 000706.460, 96
Trd, 000720.980, 58.0
Trd, 000721.100, 66.0
Trd, 000721.560, 94
Trd, 000721.860, 95
Trd, 000722.000, 108.0
Trd, 000722.580, 95
Trd, 000723.000, 99
Trd, 000723.880, 99
Trd, 000724.080, 99
Trd, 000725.760, 104
Trd, 000739.580, 97
Trd, 000749.300, 97
Trd, 000751.400, 96
Trd, 000751.720, 98
Trd, 000752.120, 98
Trd, 000752.480, 99
Trd, 000752.840, 98.0
Trd, 000753.000, 97.0
Trd, 000753.760, 98
Trd, 000762.440, 100.0
Trd, 000764.840, 104
Trd, 000769.780, 96
Trd, 000781.240, 111.0
Trd, 000781.400, 95
Trd, 000782.540, 101
Trd, 000782.560, 105
Trd, 000782.580, 100
Trd, 000782.620, 100
Trd, 000782.780, 103
Trd, 000783.340, 103
Trd, 000785.700, 101
Trd, 000792.700, 99
Trd, 000793.320, 100.0
Trd, 000811.680, 107
Trd, 000811.840, 107
Trd, 000811.920, 106
Trd, 000812.260, 105
Trd, 000812.540, 107
Trd, 000812.700, 108.0
Trd, 000813.340, 104.0
Trd, 000813.500, 104
Trd, 000813.600, 105
Trd, 000815.460, 102
Trd, 000816.760, 100
Trd, 000834.520, 95.0
Trd, 000841.100, 133.0
Trd, 000841.120, 70
Trd, 000841.360, 76
Trd, 000842.040, 84
Trd, 000842.120, 92
Trd, 000842.140, 94
Trd, 000842.500, 95
Trd, 000843.020, 94
Trd, 000843.920, 99
Trd, 000845.360, 100.0
Trd, 000846.600, 102
Trd, 000847.380, 104
Trd, 000852.020, 108.0
Trd, 000853.500, 103
Trd, 000871.100, 105
Trd, 000871.200, 81
Trd, 000871.820, 104
Trd, 000872.100, 103
Trd, 000872.380, 104
Trd, 000872.500, 108.0
Trd, 000873.140, 104
Trd, 000873.260, 104
Trd, 000875.540, 103
Trd, 000876.220, 102
Trd, 000877.220, 101
Trd, 000886.580, 104
Trd, 000900.380, 95.0
Trd, 000901.240, 100
Trd, 000901.340, 99
Trd, 000901.500, 141.0
Trd, 000901.820, 129.0
Trd, 000901.880, 100
Trd, 000902.620, 133.0
Trd, 000902.980, 112
Trd, 000905.660, 106
Trd, 000906.520, 106
Trd, 000910.460, 104.0
Trd, 000913.420, 98
Trd, 000920.480, 95.0
Trd, 000931.320, 129.0
Trd, 000931.900, 111
Trd, 000932.080, 111.0
Trd, 000932.180, 112.0
Trd, 000932.200, 110
Trd, 000932.880, 104.0
Trd, 000933.760, 106
Trd, 000933.920, 105
Trd, 000934.120, 104
Trd, 000934.800, 106
Trd, 000942.320, 106
Trd, 000961.400, 141.0
Trd, 000961.540, 133.0
Trd, 000961.800, 129.0
Trd, 000961.900, 125.0
Trd, 000962.120, 135
Trd, 000962.300, 116
Trd, 000962.740, 129
Trd, 000963.300, 107
Trd, 000963.460, 107
Trd, 000965.740, 104.0
Trd, 000966.440, 104.0
Trd, 000967.720, 103.0
Trd, 000991.320, 58.0
Trd, 000991.700, 97.0
Trd, 000992.320, 107.0
Trd, 000992.540, 108.0
Trd, 000992.600, 112.0
Trd, 000993.160, 128.0
Trd, 000997.120, 113
Trd, 000998.440, 112
Trd, 000999.040, 107
Trd, 001001.540, 104.0
Trd, 001021.380, 133.0
Trd, 001022.180, 103
Trd, 001022.300, 104.0
Trd, 001022.980, 97
Trd, 001023.080, 96
Trd, 001023.780, 96
Trd, 001024.140, 96
Trd, 001024.520, 96
Trd, 001026.700, 95
Trd, 001031.940, 99
Trd, 001033.540, 98
Trd, 001036.580, 95.0
Trd, 001051.480, 129.0
Trd, 001052.080, 105
Trd, 001052.280, 108
Trd, 001052.300, 103
Trd, 001052.900, 107
Trd, 001053.040, 108
Trd, 001053.320, 108
Trd, 001054.400, 106
Trd, 001054.880, 108.0
Trd, 001054.940, 104.0
Trd, 001061.500, 96
Trd, 001061.600, 95.0
Trd, 001075.740, 100.0
Trd, 001081.620, 102
Trd, 001081.660, 101
Trd, 001081.680, 129.0
Trd, 001081.800, 112.0
Trd, 001082.120, 106
Trd, 001082.260, 133.0
Trd, 001082.400, 108.0
Trd, 001083.880, 113
Trd, 001084.060, 109
Trd, 001086.640, 107
Trd, 001087.520, 109
Trd, 001090.020, 100.0
Trd, 001096.480, 95.0
Trd, 001111.540, 104
Trd, 001111.660, 104
Trd, 001111.740, 94
Trd, 001111.780, 66
Trd, 001112.020, 92
Trd, 001112.280, 83.0
Trd, 001112.540, 95.0
Trd, 001112.580, 108.0
Trd, 001113.440, 110.0
Trd, 001115.340, 110.0
Trd, 001119.620, 106.0
Trd, 001126.100, 112.0
Trd, 001132.260, 107
Trd, 001134.520, 92
Trd, 001141.540, 108
Trd, 001141.860, 104
Trd, 001142.060, 104.0
Trd, 001142.160, 101
Trd, 001142.440, 105
Trd, 001142.600, 96.0
Trd, 001143.280, 104
Trd, 001143.580, 97.0
Trd, 001155.060, 103
Trd, 001167.900, 99
Trd, 001171.500, 112.0
Trd, 001172.060, 129.0
Trd, 001172.100, 125.0
Trd, 001172.480, 116.0
Trd, 001173.120, 112
Trd, 001174.160, 115
Trd, 001174.220, 107
Trd, 001177.060, 108
Trd, 001179.860, 105
Trd, 001180.120, 105
Trd, 001180.320, 104.0
Trd, 001193.960, 102
Trd, 001201.540, 66.0
Trd, 001201.680, 58.0
Trd, 001201.840, 101
Trd, 001202.180, 91
Trd, 001203.400, 90
Trd, 001203.480, 92
Trd, 001204.240, 91
Trd, 001204.360, 91
Trd, 001205.660, 91
Trd, 001206.700, 105
Trd, 001208.360, 99
Trd, 001220.120, 108.0
Trd, 001231.660, 141.0
Trd, 001232.080, 116.0
Trd, 001232.240, 112
Trd, 001232.760, 109
Trd, 001232.980, 110.0
Trd, 001233.100, 112.0
Trd, 001233.380, 107.0
Trd, 001235.140, 104
Trd, 001235.460, 105
Trd, 001240.740, 104
Trd, 001242.300, 102
Trd, 001242.680, 105
Trd, 001261.660, 106
Trd, 001261.880, 106
Trd, 001261.900, 102
Trd, 001262.280, 108.0
Trd, 001262.640, 107
Trd, 001263.180, 107
Trd, 001263.400, 108
Trd, 001263.600, 106
Trd, 001265.040, 105
Trd, 001267.060, 104.0
Trd, 001272.580, 95.0
Trd, 001275.640, 89
Trd, 001281.680, 91
Trd, 001283.860, 106
Trd, 001291.680, 96
Trd, 001291.740, 96.0
Trd, 001292.000, 97
Trd, 001292.240, 98.0
Trd, 001292.740, 98
Trd, 001293.280, 97.0
Trd, 001293.800, 98
Trd, 001297.200, 97
Trd, 001297.320, 98
Trd, 001302.980, 96
Trd, 001303.460, 100.0
Trd, 001321.760, 129.0
Trd, 001322.220, 69
Trd, 001322.260, 106.0
Trd, 001322.660, 100
Trd, 001322.760, 99
Trd, 001322.820, 108.0
Trd, 001322.900, 106
Trd, 001324.940, 99
Trd, 001325.540, 98
Trd, 001326.480, 98
Trd, 001327.280, 99
Trd, 001327.940, 99
Trd, 001330.680, 97
Trd, 001351.720, 58.0
Trd, 001352.140, 128.0
Trd, 001352.520, 126
Trd, 001352.780, 129.0
Trd, 001352.960, 126
Trd, 001353.620, 119
Trd, 001354.460, 104.0
Trd, 001354.580, 101
Trd, 001357.220, 103
Trd, 001358.280, 104
Trd, 001359.340, 104
Trd, 001360.100, 104
Trd, 001362.840, 103
Trd, 001380.380, 95.0
Trd, 001381.820, 133.0
Trd, 001382.020, 116.0
Trd, 001382.380, 98
Trd, 001382.720, 109
Trd, 001383.040, 109
Trd, 001383.200, 96.0
Trd, 001384.660, 100
Trd, 001385.100, 100
Trd, 001386.100, 99
Trd, 001387.620, 100.0
Trd, 001388.220, 101
Trd, 001408.760, 95.0
Trd, 001412.100, 98
Trd, 001412.120, 100
Trd, 001412.200, 104
Trd, 001412.260, 108.0
Trd, 001412.320, 137.0
Trd, 001413.760, 109
Trd, 001414.440, 110
Trd, 001414.920, 108
Trd, 001415.220, 106
Trd, 001416.860, 105
Trd, 001419.100, 104.0
Trd, 001430.160, 95.0
Trd, 001431.740, 99
Trd, 001441.840, 100
Trd, 001441.920, 131
Trd, 001442.140, 141.0
Trd, 001442.180, 129.0
Trd, 001443.180, 104
Trd, 001443.540, 114
Trd, 001443.860, 122
Trd, 001445.300, 108
Trd, 001447.580, 111
Trd, 001450.020, 107
Trd, 001453.940, 98
Trd, 001455.920, 98
Trd, 001471.980, 106
Trd, 001472.160, 133
Trd, 001472.460, 141.0
Trd, 001472.600, 125.0
Trd, 001472.840, 125
Trd, 001473.260, 124
Trd, 001474.340, 116
Trd, 001474.460, 114
Trd, 001474.540, 109
Trd, 001479.520, 110
Trd, 001480.780, 107
Trd, 001483.380, 104.0
Trd, 001502.080, 104
Trd, 001502.480, 104
Trd, 001502.500, 105
Trd, 001502.680, 97
Trd, 001503.100, 99
Trd, 001503.300, 104.0
Trd, 001503.400, 105.0
Trd, 001503.620, 108.0
Trd, 001504.320, 104
Trd, 001507.020, 104
Trd, 001508.860, 95.0
Trd, 001514.360, 104
Trd, 001532.200, 102
Trd, 001532.420, 101
Trd, 001532.600, 94
Trd, 001533.280, 100
Trd, 001533.720, 100
Trd, 001534.120, 105
Trd, 001534.180, 99
Trd, 001534.540, 99
Trd, 001534.700, 105
Trd, 001534.960, 108.0
Trd, 001536.600, 98
Trd, 001542.700, 103.0
Trd, 001554.400, 95.0
Trd, 001562.260, 100
Trd, 001562.660, 103.0
Trd, 001562.760, 100
Trd, 001562.820, 104.0
Trd, 001563.560, 104
Trd, 001564.640, 103
Trd, 001565.440, 103
Trd, 001570.100, 101
Trd, 001571.960, 102
Trd, 001574.360, 99
Trd, 001585.580, 95.0
Trd, 001591.540, 104
Trd, 001592.100, 66.0
Trd, 001592.180, 111.0
Trd, 001592.500, 93
Trd, 001592.520, 112.0
Trd, 001593.540, 99
Trd, 001593.900, 100
Trd, 001594.140, 99
Trd, 001594.540, 99
Trd, 001596.120, 100.0
Trd, 001598.740, 103
Trd, 001601.420, 104
Trd, 001622.200, 58.0
Trd, 001622.500, 103
Trd, 001622.640, 70
Trd, 001622.820, 107.0
Trd, 001623.580, 107.0
Trd, 001624.960, 97.0
Trd, 001625.500, 96.0
Trd, 001627.980, 100
Trd, 001629.780, 99
Trd, 001643.940, 96
Trd, 001652.120, 58.0
Trd, 001652.760, 144
Trd, 001652.780, 141.0
Trd, 001653.100, 110
Trd, 001653.260, 129.0
Trd, 001653.380, 133
Trd, 001654.740, 109
Trd, 001655.700, 111
Trd, 001655.840, 110
Trd, 001657.680, 107
Trd, 001657.860, 104.0
Trd, 001661.980, 107
Trd, 001679.200, 95.0
Trd, 001682.280, 58.0
Trd, 001682.580, 107
Trd, 001682.660, 111.0
Trd, 001682.880, 112.0
Trd, 001682.900, 105
Trd, 001683.740, 103
Trd, 001683.800, 102
Trd, 001684.200, 103
Trd, 001684.500, 102
Trd, 001684.700, 104
Trd, 001684.760, 104
Trd, 001690.240, 108.0
Trd, 001693.980, 100
Trd, 001712.220, 66.0
Trd, 001712.480, 103
Trd, 001713.120, 90
Trd, 001713.180, 86
Trd, 001713.500, 102
Trd, 001713.580, 92
Trd, 001713.720, 103
Trd, 001716.160, 102
Trd, 001717.140, 102
Trd, 001719.300, 104
Trd, 001720.640, 105
Trd, 001741.380, 95.0
Trd, 001742.360, 108.0
Trd, 001742.460, 133.0
Trd, 001742.640, 113
Trd, 001744.000, 109
Trd, 001744.080, 108
Trd, 001744.280, 107
Trd, 001745.040, 107
Trd, 001746.300, 106
Trd, 001750.720, 104.0
Trd, 001751.340, 108
Trd, 001754.560, 108
Trd, 001767.180, 102
Trd, 001772.600, 106
Trd, 001772.780, 107
Trd, 001773.120, 105
Trd, 001773.280, 107
Trd, 001774.200, 104
Trd, 001775.060, 105
Trd, 001775.080, 104
Trd, 001775.980, 106
Trd, 001776.020, 104.0
Trd, 001781.260, 104
Trd, 001788.200, 106
Trd, 001793.580, 102
Trd, 001802.460, 108.0
Trd, 001802.560, 113
Trd, 001802.580, 102
Trd, 001802.780, 105
Trd, 001802.940, 129.0
Trd, 001803.640, 111.0
Trd, 001805.860, 109
Trd, 001805.920, 108
Trd, 001806.520, 107
Trd, 001818.560, 106
Trd, 001819.180, 104.0
Trd, 001827.080, 95.0
Trd, 001832.360, 129.0
Trd, 001832.400, 58.0
Trd, 001833.380, 107.0
Trd, 001833.880, 107.0
Trd, 001834.440, 106
Trd, 001834.980, 105
Trd, 001837.020, 107
Trd, 001842.080, 106
Trd, 001842.200, 105
Trd, 001842.380, 104.0
Trd, 001858.640, 106
Trd, 001862.640, 84.0
Trd, 001862.700, 101
Trd, 001862.960, 129.0
Trd, 001863.880, 107
Trd, 001864.180, 108
Trd, 001864.440, 107
Trd, 001864.920, 100
Trd, 001865.780, 100
Trd, 001866.480, 101
Trd, 001867.140, 101
Trd, 001870.040, 102
Trd, 001874.540, 102
Trd, 001892.420, 103
Trd, 001892.680, 141.0
Trd, 001893.060, 110.0
Trd, 001893.120, 111.0
Trd, 001893.300, 112.0
Trd, 001894.120, 108
Trd, 001894.720, 108.0
Trd, 001895.080, 112
Trd, 001895.980, 112
Trd, 001897.720, 109
Trd, 001898.280, 107
Trd, 001914.140, 104.0
Trd, 001914.320, 95.0
Trd, 001922.600, 66.0
Trd, 001922.620, 110
Trd, 001922.860, 108.0
Trd, 001922.880, 129.0
Trd, 001923.940, 107.0
Trd, 001924.180, 106
Trd, 001924.560, 107
Trd, 001924.940, 104.0
Trd, 001925.340, 108
Trd, 001925.620, 104
Trd, 001927.200, 105
Trd, 001932.020, 104
Trd, 001934.620, 105
Trd, 001952.660, 105
Trd, 001952.800, 104
Trd, 001953.000, 105
Trd, 001953.220, 108.0
Trd, 001953.340, 103
Trd, 001953.960, 105
Trd, 001954.000, 103
Trd, 001954.340, 105
Trd, 001955.660, 105
Trd, 001958.700, 104
Trd, 001976.840, 101
Trd, 001982.560, 112.0
Trd, 001982.640, 108
Trd, 001982.680, 58.0
Trd, 001982.820, 83.0
Trd, 001982.980, 107
Trd, 001983.240, 91
Trd, 001983.580, 107.0
Trd, 001984.120, 101
Trd, 001985.500, 103.0
Trd, 001986.580, 105.0
Trd, 001989.520, 105
Trd, 002002.760, 105
Trd, 002013.240, 94
Trd, 002013.540, 96
Trd, 002013.680, 99.0
Trd, 002013.780, 100.0
Trd, 002013.900, 84.0
Trd, 002013.920, 105
Trd, 002014.180, 84.0
Trd, 002016.240, 100
Trd, 002016.340, 96.0
Trd, 002019.060, 104.0
Trd, 002028.120, 99
Trd, 002042.680, 58.0
Trd, 002043.200, 77
Trd, 002043.260, 83.0
Trd, 002043.480, 100.0
Trd, 002044.000, 99
Trd, 002044.360, 100
Trd, 002045.260, 102
Trd, 002045.340, 93
Trd, 002047.420, 92
Trd, 002057.920, 104
Trd, 002067.760, 99
Trd, 002072.860, 66.0
Trd, 002072.940, 105
Trd, 002073.640, 107.0
Trd, 002073.720, 99
Trd, 002075.020, 104
Trd, 002076.280, 105
Trd, 002077.080, 104
Trd, 002078.660, 105
Trd, 002080.160, 103.0
Trd, 002086.400, 104
Trd, 002086.680, 102
Trd, 002102.800, 105
Trd, 002103.020, 101
Trd, 002103.040, 108.0
Trd, 002103.180, 133.0
Trd, 002103.280, 125.0
Trd, 002103.300, 104.0
Trd, 002106.840, 117
Trd, 002108.340, 116.0
Trd, 002113.100, 106
Trd, 002119.080, 106
Trd, 002120.860, 99
Trd, 002131.880, 105
Trd, 002132.800, 141.0
Trd, 002132.900, 129.0
Trd, 002133.140, 95
Trd, 002133.200, 119
Trd, 002135.780, 100
Trd, 002136.020, 100
Trd, 002136.800, 100
Trd, 002137.120, 99
Trd, 002137.560, 99
Trd, 002137.940, 98
Trd, 002139.080, 95.0
Trd, 002149.700, 104
Trd, 002162.900, 141.0
Trd, 002163.180, 133.0
Trd, 002163.280, 129.0
Trd, 002163.620, 125.0
Trd, 002164.360, 116.0
Trd, 002164.680, 119
Trd, 002165.800, 108
Trd, 002166.440, 104.0
Trd, 002167.520, 106
Trd, 002168.500, 104
Trd, 002169.740, 106
Trd, 002172.380, 95.0
Trd, 002173.880, 98
Trd, 002180.060, 83.0
Trd, 002192.900, 133.0
Trd, 002192.940, 128
Trd, 002193.160, 93
Trd, 002193.800, 104
Trd, 002195.120, 95
Trd, 002195.340, 95
Trd, 002195.660, 95.0
Trd, 002196.440, 95
Trd, 002197.620, 96
Trd, 002200.020, 96
Trd, 002202.180, 94
Trd, 002210.780, 92
Trd, 002214.780, 100.0
Trd, 002223.040, 141.0
Trd, 002223.220, 129.0
Trd, 002223.580, 116
Trd, 002223.940, 108
Trd, 002224.980, 110
Trd, 002225.100, 110.0
Trd, 002225.580, 107
Trd, 002225.880, 104.0
Trd, 002226.120, 104
Trd, 002244.400, 107
Trd, 002253.440, 105
Trd, 002253.600, 107
Trd, 002253.980, 105
Trd, 002254.080, 106.0
Trd, 002254.560, 107.0
Trd, 002255.360, 105
Trd, 002255.480, 106
Trd, 002255.980, 105
Trd, 002258.120, 107
Trd, 002265.960, 105
Trd, 002272.600, 104.0
Trd, 002283.080, 112.0
Trd, 002283.760, 109
Trd, 002284.140, 107.0
Trd, 002284.160, 108.0
Trd, 002284.740, 108
Trd, 002285.000, 108
Trd, 002285.040, 109
Trd, 002285.100, 106
Trd, 002285.480, 109
Trd, 002285.560, 105
Trd, 002291.780, 103
Trd, 002312.160, 95.0
Trd, 002313.040, 112.0
Trd, 002313.640, 104
Trd, 002313.960, 106
Trd, 002314.020, 105
Trd, 002314.300, 106
Trd, 002315.180, 106
Trd, 002315.360, 105
Trd, 002316.300, 104
Trd, 002316.380, 104.0
Trd, 002318.740, 104
Trd, 002325.040, 102
Trd, 002343.040, 105
Trd, 002343.420, 101
Trd, 002343.640, 100
Trd, 002343.920, 105
Trd, 002344.020, 105
Trd, 002344.460, 101
Trd, 002344.480, 90
Trd, 002347.000, 99
Trd, 002348.280, 100
Trd, 002349.400, 100.0
Trd, 002358.760, 97
Trd, 002373.200, 102
Trd, 002373.240, 84.0
Trd, 002373.480, 102
Trd, 002373.620, 96
Trd, 002373.640, 129.0
Trd, 002373.780, 117
Trd, 002375.100, 112.0
Trd, 002375.940, 106
Trd, 002376.700, 105
Trd, 002377.960, 104
Trd, 002379.860, 104
Trd, 002390.900, 95.0
Trd, 002403.420, 57.0
Trd, 002403.440, 58.0
Trd, 002403.460, 74
Trd, 002403.740, 83.0
Trd, 002404.080, 82
Trd, 002404.880, 91
Trd, 002405.000, 93
Trd, 002406.240, 100.0
Trd, 002409.240, 104
Trd, 002412.200, 108.0
Trd, 002415.940, 111
Trd, 002418.680, 104.0
Trd, 002433.320, 133.0
Trd, 002433.400, 84.0
Trd, 002433.940, 120
Trd, 002434.560, 112.0
Trd, 002435.580, 108
Trd, 002435.940, 101
Trd, 002437.060, 101
Trd, 002437.940, 101
Trd, 002438.100, 100
Trd, 002453.680, 99
Trd, 002453.920, 99
Trd, 002455.000, 95
Trd, 002463.580, 100
Trd, 002463.800, 101
Trd, 002463.820, 106.0
Trd, 002464.340, 100
Trd, 002465.360, 100
Trd, 002465.420, 101
Trd, 002466.100, 99
Trd, 002466.280, 101
Trd, 002466.640, 102
Trd, 002476.540, 98
Trd, 002493.680, 65.0
Trd, 002493.780, 66.0
Trd, 002493.900, 79
Trd, 002494.340, 89
Trd, 002494.360, 87
Trd, 002494.620, 107.0
Trd, 002495.000, 95.0
Trd, 002497.420, 105
Trd, 002497.460, 104.0
Trd, 002502.720, 106
Trd, 002509.800, 108.0
Trd, 002515.200, 106
Trd, 002523.780, 105
Trd, 002524.100, 105
Trd, 002524.420, 105
Trd, 002524.800, 104.0
Trd, 002525.200, 105
Trd, 002525.640, 103
Trd, 002525.700, 103
Trd, 002526.880, 103
Trd, 002529.280, 104
Trd, 002530.000, 102
Trd, 002548.880, 95.0
Trd, 002553.380, 133.0
Trd, 002553.480, 125.0
Trd, 002553.700, 116.0
Trd, 002554.200, 91
Trd, 002554.560, 87
Trd, 002555.940, 99
Trd, 002556.120, 99.0
Trd, 002556.500, 100.0
Trd, 002566.120, 104
Trd, 002574.720, 104
Trd, 002575.840, 102
Trd, 002577.900, 108.0
Trd, 002583.480, 66.0
Trd, 002583.680, 91
Trd, 002583.840, 91
Trd, 002584.060, 104
Trd, 002584.660, 93
Trd, 002584.840, 91
Trd, 002584.980, 94
Trd, 002587.220, 104
Trd, 002589.880, 105.0
Trd, 002590.120, 104.0
Trd, 002600.060, 101
Trd, 002600.440, 108.0
Trd, 002613.480, 108.0
Trd, 002613.500, 101
Trd, 002613.700, 75.0
Trd, 002614.060, 103
Trd, 002614.160, 104
Trd, 002614.420, 104
Trd, 002615.940, 102
Trd, 002616.060, 101
Trd, 002617.900, 101
Trd, 002618.400, 104
Trd, 002626.220, 100
Trd, 002632.500, 100
Trd, 002635.960, 95.0
Trd, 002643.640, 99
Trd, 002644.380, 103
Trd, 002645.280, 99
Trd, 002645.320, 100
Trd, 002645.480, 100
Trd, 002645.740, 100
Trd, 002646.600, 99
Trd, 002647.560, 99
Trd, 002648.340, 104
Trd, 002652.280, 98
Trd, 002653.920, 100.0
Trd, 002673.640, 99
Trd, 002673.660, 100
Trd, 002673.720, 98
Trd, 002673.840, 99
Trd, 002673.900, 58.0
Trd, 002673.940, 91
Trd, 002674.620, 90
Trd, 002675.740, 95
Trd, 002675.900, 95
Trd, 002677.360, 95
Trd, 002682.380, 99
Trd, 002687.100, 104
Trd, 002703.860, 101
Trd, 002704.120, 101
Trd, 002704.220, 102
Trd, 002704.480, 85.0
Trd, 002704.700, 104
Trd, 002705.160, 105.0
Trd, 002705.540, 105
Trd, 002706.660, 104
Trd, 002708.020, 102.0
Trd, 002709.500, 102.0
Trd, 002724.180, 95.0
Trd, 002733.620, 133.0
Trd, 002733.760, 129.0
Trd, 002734.160, 107
Trd, 002734.320, 103
Trd, 002734.340, 128.0
Trd, 002734.600, 104
Trd, 002734.940, 100.0
Trd, 002736.220, 94
Trd, 002736.560, 92
Trd, 002736.680, 93
Trd, 002737.240, 95.0
Trd, 002738.600, 96
Trd, 002755.400, 104.0
Trd, 002763.740, 66.0
Trd, 002763.800, 76
Trd, 002763.840, 100
Trd, 002764.060, 129.0
Trd, 002764.200, 135.0
Trd, 002765.400, 105
Trd, 002766.960, 108
Trd, 002767.020, 109
Trd, 002768.000, 108
Trd, 002770.580, 106
Trd, 002782.900, 105
Trd, 002793.820, 66.0
Trd, 002794.080, 83.0
Trd, 002794.300, 100.0
Trd, 002794.420, 58
Trd, 002794.960, 108.0
Trd, 002795.580, 112.0
Trd, 002798.320, 109
Trd, 002799.400, 108
Trd, 002799.940, 108
Trd, 002802.260, 107
Trd, 002812.880, 108
Trd, 002823.800, 108
Trd, 002823.940, 95.0
Trd, 002824.160, 129.0
Trd, 002824.560, 89
Trd, 002824.780, 107.0
Trd, 002825.160, 106
Trd, 002825.880, 106
Trd, 002827.520, 107.0
Trd, 002828.780, 108.0
Trd, 002829.380, 105
Trd, 002829.980, 104.0
Trd, 002853.720, 133.0
Trd, 002853.860, 75
Trd, 002854.140, 88
Trd, 002854.340, 103
Trd, 002854.540, 104
Trd, 002855.600, 98
Trd, 002855.620, 97.0
Trd, 002856.660, 97
Trd, 002857.980, 99
Trd, 002861.700, 95.0
Trd, 002865.300, 94
Trd, 002884.040, 93
Trd, 002884.080, 99
Trd, 002884.260, 93
Trd, 002884.460, 107.0
Trd, 002886.160, 106.0
Trd, 002886.220, 102
Trd, 002887.220, 104
Trd, 002888.620, 107
Trd, 002893.640, 104.0
Trd, 002895.600, 108.0
Trd, 002899.380, 104
Trd, 002902.280, 95.0
Trd, 002913.800, 129.0
Trd, 002914.000, 66.0
Trd, 002914.200, 100
Trd, 002914.300, 105
Trd, 002914.680, 141.0
Trd, 002915.080, 107.0
Trd, 002915.100, 106.0
Trd, 002916.000, 104.0
Trd, 002916.140, 105.0
Trd, 002916.840, 95.0
Trd, 002917.540, 93
Trd, 002919.980, 94
Trd, 002920.520, 94
Trd, 002944.000, 78
Trd, 002944.140, 66.0
Trd, 002944.180, 67
Trd, 002944.260, 79
Trd, 002944.340, 87
Trd, 002944.500, 112.0
Trd, 002944.680, 90
Trd, 002945.160, 107.0
Trd, 002947.280, 104
Trd, 002947.520, 105
Trd, 002948.340, 103
Trd, 002948.680, 108.0
Trd, 002953.280, 102
Trd, 002958.400, 101
Trd, 002973.900, 66
Trd, 002974.320, 105
Trd, 002974.400, 106
Trd, 002974.640, 108.0
Trd, 002975.340, 101
Trd, 002975.380, 103
Trd, 002975.740, 102
Trd, 002977.200, 103
Trd, 002977.760, 104
Trd, 002992.520, 101
Trd, 002995.340, 100
Trd, 003004.000, 57.0
Trd, 003004.100, 58.0
Trd, 003004.340, 66.0
Trd, 003004.620, 83.0
Trd, 003004.800, 99.0
Trd, 003004.940, 99
Trd, 003005.200, 96.0
Trd, 003008.720, 100.0
Trd, 003014.040, 104
Trd, 003019.620, 104.0
Trd, 003021.380, 102
Trd, 003034.080, 129.0
Trd, 003034.440, 133.0
Trd, 003034.560, 111
Trd, 003034.620, 111
Trd, 003034.700, 105
Trd, 003034.900, 141.0
Trd, 003035.780, 120
Trd, 003036.940, 106.0
Trd, 003040.180, 107
Trd, 003040.920, 106.0
Trd, 003047.120, 105
Trd, 003048.620, 104.0
Trd, 003060.620, 95.0
Trd, 003064.060, 106
Trd, 003064.180, 66.0
Trd, 003064.500, 107.0
Trd, 003064.580, 108.0
Trd, 003064.760, 103
Trd, 003065.220, 102
Trd, 003065.420, 103
Trd, 003065.820, 104
Trd, 003066.660, 103
Trd, 003066.680, 104
Trd, 003069.740, 102
Trd, 003070.220, 104
Trd, 003094.160, 107.0
Trd, 003094.280, 58.0
Trd, 003094.580, 107.0
Trd, 003095.220, 98
Trd, 003095.400, 98
Trd, 003095.580, 108.0
Trd, 003095.900, 112.0
Trd, 003096.900, 98
Trd, 003099.680, 100
Trd, 003100.300, 99
Trd, 003100.480, 99
Trd, 003103.520, 98
Trd, 003106.340, 95.0
Trd, 003124.120, 102
Trd, 003124.400, 112.0
Trd, 003124.680, 104
Trd, 003124.740, 107
Trd, 003124.820, 108.0
Trd, 003124.960, 106
Trd, 003125.440, 105
Trd, 003126.120, 100
Trd, 003127.720, 100
Trd, 003127.780, 99.0
Trd, 003128.940, 98
Trd, 003142.420, 100.0
Trd, 003154.120, 58.0
Trd, 003154.420, 99
Trd, 003154.980, 97
Trd, 003155.900, 103
Trd, 003156.020, 105
Trd, 003157.440, 102
Trd, 003158.600, 103
Trd, 003158.680, 102
Trd, 003167.100, 102
Trd, 003169.160, 100
Trd, 003181.460, 99
Trd, 003184.220, 58.0
Trd, 003184.440, 66.0
Trd, 003184.600, 95.0
Trd, 003184.780, 101
Trd, 003185.660, 98
Trd, 003185.720, 97
Trd, 003185.740, 100
Trd, 003186.200, 99
Trd, 003190.680, 104
Trd, 003193.340, 103
Trd, 003195.780, 102
Trd, 003201.440, 108.0
Trd, 003214.480, 95.0
Trd, 003214.900, 80
Trd, 003215.060, 91
Trd, 003215.440, 91
Trd, 003215.580, 91
Trd, 003215.720, 92
Trd, 003216.580, 93
Trd, 003216.800, 100.0
Trd, 003217.200, 106
Trd, 003217.980, 108.0
Trd, 003227.200, 92
Trd, 003236.140, 102
Trd, 003244.400, 66.0
Trd, 003244.640, 95.0
Trd, 003245.180, 97
Trd, 003245.200, 97
Trd, 003245.240, 93
Trd, 003245.900, 98
Trd, 003246.480, 99
Trd, 003247.300, 99
Trd, 003247.540, 100.0
Trd, 003249.320, 104
Trd, 003250.220, 108.0
Trd, 003258.400, 112.0
Trd, 003271.380, 106
Trd, 003272.580, 99
Trd, 003274.300, 141.0
Trd, 003274.600, 95
Trd, 003274.840, 94
Trd, 003274.880, 87
Trd, 003274.920, 107
Trd, 003276.400, 98
Trd, 003276.480, 97.0
Trd, 003276.640, 96.0
Trd, 003278.960, 97
Trd, 003280.280, 100.0
Trd, 003283.080, 96
Trd, 003304.320, 95
Trd, 003304.380, 66.0
Trd, 003304.400, 100
Trd, 003306.920, 105.0
Trd, 003306.940, 103
Trd, 003307.180, 106.0
Trd, 003308.340, 105.0
Trd, 003310.780, 104.0
Trd, 003311.940, 105
Trd, 003312.700, 107
Trd, 003315.760, 103
Trd, 003318.700, 102
Trd, 003334.560, 106
Trd, 003334.600, 102
Trd, 003334.920, 102
Trd, 003334.980, 103
Trd, 003335.160, 103
Trd, 003335.860, 104
Trd, 003336.120, 104
Trd, 003336.360, 104
Trd, 003336.920, 102
Trd, 003341.220, 101
Trd, 003343.720, 101
Trd, 003357.440, 108.0
Trd, 003364.460, 111.0
Trd, 003364.560, 96.0
Trd, 003364.580, 107
Trd, 003365.580, 104
Trd, 003365.660, 103
Trd, 003366.000, 103
Trd, 003366.300, 104
Trd, 003366.340, 102
Trd, 003366.480, 105
Trd, 003367.680, 108.0
Trd, 003368.480, 102
Trd, 003385.040, 95.0
Trd, 003387.480, 109
Trd, 003394.600, 107.0
Trd, 003394.880, 103
Trd, 003395.020, 106.0
Trd, 003395.640, 103
Trd, 003396.120, 103
Trd, 003396.460, 105
Trd, 003396.580, 102
Trd, 003398.440, 106
Trd, 003402.160, 105
Trd, 003403.180, 104.0
Trd, 003405.020, 102
Trd, 003407.760, 95.0
Trd, 003410.780, 108.0
Trd, 003424.580, 58.0
Trd, 003424.660, 83.0
Trd, 003424.920, 99.0
Trd, 003424.980, 100.0
Trd, 003425.120, 95
Trd, 003425.160, 108.0
Trd, 003426.080, 112.0
Trd, 003429.040, 108
Trd, 003429.720, 108
Trd, 003429.740, 107
Trd, 003434.220, 107
Trd, 003434.520, 110
Trd, 003454.680, 58.0
Trd, 003454.760, 89
Trd, 003454.800, 107
Trd, 003455.000, 66.0
Trd, 003455.280, 100.0
Trd, 003455.440, 93
Trd, 003455.940, 104
Trd, 003457.020, 101
Trd, 003457.660, 104.0
Trd, 003460.020, 108.0
Trd, 003465.240, 111
Trd, 003467.400, 108
Trd, 003468.120, 107
Trd, 003470.360, 112.0
Trd, 003484.960, 141.0
Trd, 003485.020, 129.0
Trd, 003485.080, 125.0
Trd, 003485.780, 112.0
Trd, 003485.880, 128
Trd, 003487.400, 107
Trd, 003488.000, 106
Trd, 003488.700, 104.0
Trd, 003489.780, 105
Trd, 003490.380, 104
Trd, 003491.080, 103
Trd, 003492.760, 102
Trd, 003506.800, 95.0
Trd, 003514.660, 108.0
Trd, 003515.020, 99
Trd, 003515.080, 106
Trd, 003515.500, 110.0
Trd, 003515.520, 98
Trd, 003515.600, 111.0
Trd, 003517.420, 101
Trd, 003519.300, 103
Trd, 003520.480, 103
Trd, 003533.220, 103
Trd, 003533.260, 102
Trd, 003535.580, 104
Trd, 003544.920, 104
Trd, 003544.960, 112.0
Trd, 003545.040, 108
Trd, 003545.200, 110
Trd, 003545.260, 105
Trd, 003545.280, 104
Trd, 003545.760, 133.0
Trd, 003546.820, 117
Trd, 003548.240, 116.0
Trd, 003550.360, 103
Trd, 003551.320, 96
Trd, 003554.880, 101
Trd, 003574.700, 103
Trd, 003574.740, 129.0
Trd, 003575.080, 107.0
Trd, 003575.340, 106
Trd, 003575.920, 106
Trd, 003576.120, 106
Trd, 003576.700, 106
Trd, 003577.580, 105
Trd, 003579.480, 104.0
Trd, 003580.200, 105
Trd, 003592.720, 95.0
Trd, 003600.700, 108.0
Trd, 003605.360, 106
Trd, 003605.460, 107.0
Trd, 003605.480, 108.0
Trd, 003605.520, 108
Trd, 003606.040, 107
Trd, 003606.440, 107
Trd, 003606.780, 105
Trd, 003608.740, 104
Trd, 003609.100, 104.0
Trd, 003611.760, 105
Trd, 003616.720, 95.0
Trd, 003622.420, 104
Trd, 003630.500, 84
Trd, 003632.960, 83.0
Trd, 003635.300, 98
Trd, 003635.400, 103
Trd, 003635.820, 101
Trd, 003636.060, 97
Trd, 003636.300, 102
Trd, 003636.960, 96
Trd, 003637.540, 102
Trd, 003638.840, 101
Trd, 003640.380, 101
Trd, 003641.260, 100
Trd, 003646.640, 104
Trd, 003651.740, 95.0
Trd, 003658.620, 108.0
Trd, 003664.920, 134
Trd, 003664.960, 116.0
Trd, 003665.040, 112.0
Trd, 003666.160, 102
Trd, 003666.460, 103
Trd, 003666.680, 103
Trd, 003667.460, 102
Trd, 003668.660, 101
Trd, 003668.920, 102
Trd, 003670.900, 101
Trd, 003689.480, 95.0
Trd, 003694.940, 58.0
Trd, 003695.000, 66.0
Trd, 003695.040, 71
Trd, 003695.280, 100
Trd, 003695.660, 87
Trd, 003695.820, 87
Trd, 003695.900, 88
Trd, 003698.360, 102
Trd, 003700.100, 95
Trd, 003700.240, 104
Trd, 003700.820, 95
Trd, 003707.520, 95
Trd, 003725.040, 133.0
Trd, 003725.140, 83.0
Trd, 003725.920, 135
Trd, 003726.240, 141.0
Trd, 003726.800, 132
Trd, 003726.940, 129.0
Trd, 003727.100, 125.0
Trd, 003727.320, 116.0
Trd, 003728.940, 126
Trd, 003737.300, 107
Trd, 003744.520, 104.0
Trd, 003747.920, 104
Trd, 003755.260, 141.0
Trd, 003755.360, 143
Trd, 003755.380, 133.0
Trd, 003755.580, 116.0
Trd, 003755.680, 104.0
Trd, 003756.320, 111.0
Trd, 003756.480, 112.0
Trd, 003759.120, 105
Trd, 003759.280, 104
Trd, 003759.680, 103
Trd, 003768.380, 95.0
Trd, 003770.580, 101
Trd, 003780.360, 86
Trd, 003785.160, 58.0
Trd, 003785.220, 66.0
Trd, 003785.260, 105
Trd, 003785.800, 109.0
Trd, 003786.140, 97.0
Trd, 003786.160, 96.0
Trd, 003786.560, 96.0
Trd, 003788.140, 99
Trd, 003789.900, 95
Trd, 003790.360, 99
Trd, 003795.820, 100
Trd, 003796.340, 95.0
Trd, 003815.040, 94
Trd, 003815.180, 95.0
Trd, 003815.340, 129.0
Trd, 003815.500, 112.0
Trd, 003817.060, 104
Trd, 003817.320, 104
Trd, 003817.400, 104
Trd, 003817.840, 102
Trd, 003818.060, 103
Trd, 003820.480, 103
Trd, 003822.300, 101
Trd, 003828.620, 104
Trd, 003831.260, 83.0
Trd, 003845.680, 100
Trd, 003845.720, 100
Trd, 003845.820, 99
Trd, 003846.080, 102
Trd, 003846.440, 102
Trd, 003846.560, 101
Trd, 003846.640, 102
Trd, 003847.640, 101
Trd, 003864.680, 99
Trd, 003872.540, 99
Trd, 003875.340, 123
Trd, 003875.460, 129.0
Trd, 003875.640, 106.0
Trd, 003876.020, 105.0
Trd, 003876.400, 105
Trd, 003876.620, 104.0
Trd, 003876.880, 104
Trd, 003877.700, 103
Trd, 003880.300, 103
Trd, 003881.960, 103
Trd, 003883.720, 105
Trd, 003888.280, 98
Trd, 003905.160, 105
Trd, 003905.520, 112.0
Trd, 003905.560, 133.0
Trd, 003905.600, 98.0
Trd, 003906.480, 103.0
Trd, 003906.800, 101
Trd, 003907.860, 102.0
Trd, 003907.960, 101
Trd, 003909.280, 101
Trd, 003925.560, 100
Trd, 003935.140, 101
Trd, 003935.700, 66.0
Trd, 003936.240, 64
Trd, 003936.660, 82.0
Trd, 003936.920, 82
Trd, 003936.980, 83.0
Trd, 003937.040, 87
Trd, 003937.320, 104
Trd, 003938.780, 107.0
Trd, 003940.060, 108.0
Trd, 003946.420, 111
Trd, 003948.520, 108
Trd, 003953.400, 107
Trd, 003960.500, 106
Trd, 003965.380, 129.0
Trd, 003965.580, 133.0
Trd, 003965.620, 104
Trd, 003966.260, 107
Trd, 003966.940, 105
Trd, 003967.160, 107.0
Trd, 003967.480, 108.0
Trd, 003968.000, 105
Trd, 003968.580, 104
Trd, 003968.720, 105
Trd, 003976.000, 104.0
Trd, 003982.520, 97
Trd, 003985.820, 95.0
Trd, 003993.280, 103
Trd, 003995.280, 66.0
Trd, 003995.580, 141.0
Trd, 003996.060, 111.0
Trd, 003996.140, 108.0
Trd, 003996.180, 112.0
Trd, 003997.120, 108
Trd, 003997.400, 107
Trd, 003997.820, 108
Trd, 003998.160, 109
Trd, 003998.580, 110
Trd, 003999.360, 107
Trd, 003999.640, 105
Trd, 004009.740, 104.0
Trd, 004025.440, 141.0
Trd, 004025.580, 133.0
Trd, 004025.840, 121
Trd, 004026.000, 115
Trd, 004026.160, 121
Trd, 004026.280, 121
Trd, 004027.660, 105.0
Trd, 004029.520, 105
Trd, 004029.760, 104.0
Trd, 004034.680, 104
Trd, 004043.860, 95.0
Trd, 004047.380, 91
Trd, 004055.360, 65
Trd, 004055.400, 129.0
Trd, 004055.800, 103
Trd, 004056.140, 102
Trd, 004056.680, 102
Trd, 004056.900, 99
Trd, 004058.660, 100
Trd, 004058.720, 99
Trd, 004058.780, 97
Trd, 004059.980, 100
Trd, 004066.740, 95.0
Trd, 004067.560, 104
Trd, 004070.060, 108.0
Trd, 004073.160, 87
Trd, 004085.520, 58.0
Trd, 004085.540, 106
Trd, 004086.420, 100.0
Trd, 004086.440, 102
Trd, 004086.620, 105
Trd, 004086.880, 103.0
Trd, 004087.940, 102.0
Trd, 004088.160, 101
Trd, 004088.780, 101
Trd, 004094.460, 100
Trd, 004097.160, 104
Trd, 004115.480, 83.0
Trd, 004115.760, 93
Trd, 004115.780, 94
Trd, 004115.960, 93
Trd, 004116.280, 102
Trd, 004116.660, 95.0
Trd, 004117.480, 97
Trd, 004118.360, 99
Trd, 004120.040, 101
Trd, 004121.060, 102
Trd, 004121.220, 104
Trd, 004145.560, 141.0
Trd, 004145.600, 129.0
Trd, 004146.220, 120
Trd, 004146.380, 118
Trd, 004146.580, 118
Trd, 004146.740, 117
Trd, 004147.260, 109
Trd, 004149.380, 108
Trd, 004149.860, 106
Trd, 004150.940, 104.0
Trd, 004152.480, 104
Trd, 004175.440, 121
Trd, 004175.620, 110
Trd, 004175.680, 108
Trd, 004176.220, 107
Trd, 004176.460, 106
Trd, 004177.240, 105
Trd, 004177.480, 105
Trd, 004177.820, 105.0
Trd, 004178.020, 103
Trd, 004181.280, 96.0
Trd, 004188.720, 99
Trd, 004205.520, 66.0
Trd, 004205.860, 58.0
Trd, 004206.120, 82
Trd, 004206.680, 89
Trd, 004207.380, 101
Trd, 004207.560, 97.0
Trd, 004208.160, 97
Trd, 004210.100, 98.0
Trd, 004214.240, 100.0
Trd, 004214.520, 104
Trd, 004216.380, 97
Trd, 004231.880, 98
Trd, 004235.620, 83.0
Trd, 004235.680, 99
Trd, 004236.040, 106.0
Trd, 004236.060, 92
Trd, 004237.040, 102
Trd, 004238.600, 102
Trd, 004239.080, 103
Trd, 004239.180, 104
Trd, 004239.940, 102
Trd, 004249.000, 102
Trd, 004265.740, 104
Trd, 004266.320, 103
Trd, 004266.680, 103
Trd, 004267.000, 104
Trd, 004268.000, 103
Trd, 004268.220, 104
Trd, 004268.280, 104
Trd, 004269.160, 102
Trd, 004273.660, 101
Trd, 004276.520, 108.0
Trd, 004279.860, 101
Trd, 004295.740, 134
Trd, 004295.900, 129.0
Trd, 004296.040, 123
Trd, 004296.140, 133.0
Trd, 004296.460, 117.0
Trd, 004296.900, 116.0
Trd, 004297.000, 129
Trd, 004297.160, 113
Trd, 004298.580, 107
Trd, 004299.820, 114
Trd, 004303.400, 108
Trd, 004305.600, 104.0
Trd, 004325.560, 71
Trd, 004325.720, 105
Trd, 004325.780, 108.0
Trd, 004326.540, 109
Trd, 004326.720, 112.0
Trd, 004327.040, 108
Trd, 004327.440, 108
Trd, 004327.620, 107
Trd, 004327.800, 108
Trd, 004327.880, 109
Trd, 004330.680, 105
Trd, 004331.860, 104.0
Trd, 004355.720, 66.0
Trd, 004356.020, 89
Trd, 004356.200, 91
Trd, 004356.220, 99.0
Trd, 004356.240, 100.0
Trd, 004357.780, 98.0
Trd, 004357.920, 105
Trd, 004358.440, 98.0
Trd, 004360.920, 100
Trd, 004363.960, 99.0
Trd, 004367.540, 98
Trd, 004383.020, 104
Trd, 004385.980, 103
Trd, 004386.160, 103
Trd, 004386.180, 98
Trd, 004386.700, 103
Trd, 004386.720, 99
Trd, 004386.780, 104
Trd, 004386.800, 108.0
Trd, 004391.540, 104
Trd, 004393.000, 104
Trd, 004397.900, 100
Trd, 004400.120, 101
Trd, 004415.680, 141.0
Trd, 004415.700, 125.0
Trd, 004416.400, 84.0
Trd, 004416.640, 83.0
Trd, 004416.940, 108
Trd, 004418.040, 99
Trd, 004418.240, 99.0
Trd, 004420.000, 99.0
Trd, 004423.940, 98.0
Trd, 004445.700, 104
Trd, 004446.420, 98
Trd, 004446.600, 97
Trd, 004446.840, 99
Trd, 004446.900, 99
Trd, 004446.920, 95.0
Trd, 004447.660, 98
Trd, 004449.200, 99
Trd, 004449.800, 100.0
Trd, 004461.260, 97
Trd, 004469.640, 100
Trd, 004475.840, 100
Trd, 004475.880, 107.0
Trd, 004476.000, 103
Trd, 004476.080, 99
Trd, 004476.200, 107.0
Trd, 004476.640, 106.0
Trd, 004479.140, 106
Trd, 004482.540, 105
Trd, 004483.460, 106
Trd, 004486.820, 103
Trd, 004501.160, 100
Trd, 004505.680, 66.0
Trd, 004505.960, 106
Trd, 004506.600, 102
Trd, 004506.820, 99
Trd, 004507.140, 99
Trd, 004508.860, 99
Trd, 004510.360, 98
Trd, 004510.860, 101
Trd, 004513.680, 104
Trd, 004524.920, 98
Trd, 004528.060, 97
Trd, 004535.700, 100
Trd, 004535.800, 129.0
Trd, 004535.920, 66.0
Trd, 004535.960, 137.0
Trd, 004537.120, 96.0
Trd, 004539.400, 100
Trd, 004539.440, 99
Trd, 004540.500, 100
Trd, 004540.680, 100.0
Trd, 004550.100, 99
Trd, 004562.580, 96
Trd, 004564.020, 100
Trd, 004565.700, 58.0
Trd, 004565.920, 100.0
Trd, 004566.180, 89
Trd, 004566.860, 101
Trd, 004567.440, 98.0
Trd, 004567.700, 98
Trd, 004569.540, 98
Trd, 004569.680, 98
Trd, 004571.580, 97
Trd, 004573.500, 104
Trd, 004588.220, 97
Trd, 004595.840, 65.0
Trd, 004596.040, 66.0
Trd, 004596.420, 105
Trd, 004597.160, 120
Trd, 004597.500, 108.0
Trd, 004597.620, 110
Trd, 004598.060, 109
Trd, 004599.940, 107
Trd, 004600.360, 106
Trd, 004604.060, 107
Trd, 004609.000, 104.0
Trd, 004621.460, 95.0
Trd, 004625.720, 66.0
Trd, 004625.820, 58.0
Trd, 004626.000, 79
Trd, 004626.760, 112
Trd, 004626.860, 92
Trd, 004627.800, 110.0
Trd, 004630.020, 102
Trd, 004630.220, 101
Trd, 004634.900, 105
Trd, 004635.260, 104
Trd, 004655.880, 91
Trd, 004656.180, 103
Trd, 004656.360, 101
Trd, 004656.520, 101
Trd, 004656.560, 98
Trd, 004657.300, 101
Trd, 004657.560, 101
Trd, 004657.800, 100
Trd, 004659.860, 101
Trd, 004661.740, 104
Trd, 004685.760, 58.0
Trd, 004685.880, 83.0
Trd, 004686.560, 129.0
Trd, 004687.080, 113
Trd, 004687.700, 117
Trd, 004687.880, 117
Trd, 004687.960, 111
Trd, 004688.440, 114
Trd, 004689.860, 110
Trd, 004692.060, 110
Trd, 004692.200, 109
Trd, 004696.440, 109
Trd, 004715.760, 129.0
Trd, 004715.880, 141.0
Trd, 004716.400, 112.0
Trd, 004716.500, 90
Trd, 004716.600, 113
Trd, 004717.540, 97.0
Trd, 004718.660, 98
Trd, 004719.340, 97
Trd, 004719.480, 98
Trd, 004721.080, 96
Trd, 004721.940, 96
Trd, 004732.220, 95.0
Trd, 004733.700, 94
Trd, 004743.500, 83.0
Trd, 004746.180, 69
Trd, 004746.400, 98
Trd, 004746.560, 97
Trd, 004747.300, 102
Trd, 004747.400, 104
Trd, 004747.960, 92
Trd, 004749.460, 97
Trd, 004749.700, 96
Trd, 004751.500, 97
Trd, 004766.840, 96
Trd, 004773.560, 95.0
Trd, 004776.060, 58.0
Trd, 004776.240, 66.0
Trd, 004776.540, 76
Trd, 004776.680, 79
Trd, 004776.800, 97
Trd, 004778.000, 98.0
Trd, 004780.500, 94
Trd, 004783.820, 100.0
Trd, 004784.000, 97
Trd, 004785.780, 97
Trd, 004800.740, 105
Trd, 004805.960, 66.0
Trd, 004806.320, 100.0
Trd, 004806.340, 129.0
Trd, 004806.540, 133.0
Trd, 004807.060, 90
Trd, 004808.460, 111.0
Trd, 004809.020, 112
Trd, 004809.300, 109
Trd, 004811.780, 109
Trd, 004816.540, 107
Trd, 004816.760, 105
Trd, 004819.680, 104.0
Trd, 004823.240, 99
Trd, 004836.380, 98
Trd, 004836.400, 105
Trd, 004836.720, 95.0
Trd, 004836.900, 94
Trd, 004836.960, 99
Trd, 004837.160, 100
Trd, 004837.560, 78
Trd, 004837.880, 83.0
Trd, 004839.060, 99
Trd, 004839.620, 92
Trd, 004840.020, 93
Trd, 004844.700, 103.0
Trd, 004862.620, 97
Trd, 004866.140, 100
Trd, 004866.240, 101
Trd, 004866.260, 104
Trd, 004866.420, 100
Trd, 004866.500, 99
Trd, 004867.240, 100
Trd, 004870.800, 100
Trd, 004871.380, 99
Trd, 004875.940, 98
Trd, 004877.540, 100.0
Trd, 004894.180, 97
Trd, 004896.100, 66.0
Trd, 004896.120, 100
Trd, 004896.660, 112.0
Trd, 004896.940, 129.0
Trd, 004897.140, 111
Trd, 004897.240, 135
Trd, 004897.640, 109
Trd, 004899.020, 113
Trd, 004899.180, 112
Trd, 004901.880, 107
Trd, 004903.600, 105
Trd, 004907.960, 104.0
Trd, 004926.020, 107
Trd, 004926.280, 107
Trd, 004926.320, 85.0
Trd, 004926.600, 107
Trd, 004927.500, 102
Trd, 004927.640, 103
Trd, 004928.180, 99
Trd, 004929.220, 106.0
Trd, 004931.960, 107.0
Trd, 004935.900, 108.0
Trd, 004940.500, 104.0
Trd, 004941.700, 98
Trd, 004956.220, 95.0
Trd, 004956.720, 104
Trd, 004956.800, 103
Trd, 004957.380, 104
Trd, 004958.060, 104
Trd, 004958.280, 103
Trd, 004958.360, 103
Trd, 004958.520, 104
Trd, 004960.520, 102
Trd, 004961.380, 103
Trd, 004961.640, 108.0
Trd, 004966.860, 101
Trd, 004980.780, 95
Trd, 004986.220, 99
Trd, 004986.540, 101
Trd, 004986.620, 101
Trd, 004987.440, 99
Trd, 004987.760, 99
Trd, 004988.000, 100
Trd, 004988.060, 100.0
Trd, 004989.600, 100
Trd, 004991.460, 104
Trd, 004994.360, 99
