Trd, 000030.080, 112
Trd, 000030.200, 86
Trd, 000030.400, 69
Trd, 000030.680, 71
Trd, 000030.880, 75.0
Trd, 000030.900, 83
Trd, 000030.980, 103
Trd, 000032.880, 92
Trd, 000033.240, 100.0
Trd, 000034.620, 96
Trd, 000034.680, 95
Trd, 000060.100, 101
Trd, 000060.200, 129.0
Trd, 000060.600, 108.0
Trd, 000060.820, 116.0
Trd, 000060.840, 123
Trd, 000061.660, 107
Trd, 000061.820, 104.0
Trd, 000062.720, 108
Trd, 000066.160, 101
Trd, 000067.660, 101
Trd, 000068.300, 102
Trd, 000069.580, 103
Trd, 000077.440, 99
Trd, 000090.100, 108.0
Trd, 000090.340, 106
Trd, 000090.440, 115
Trd, 000090.500, 100
Trd, 000090.920, 100.0
Trd, 000091.060, 99
Trd, 000091.220, 105
Trd, 000091.580, 104
Trd, 000091.660, 105
Trd, 000104.620, 105
Trd, 000105.620, 104.0
Trd, 000115.300, 107
Trd, 000120.280, 110.0
Trd, 000120.400, 108.0
Trd, 000120.460, 128.0
Trd, 000120.600, 96.0
Trd, 000120.940, 120
Trd, 000121.540, 112
Trd, 000121.580, 113
Trd, 000123.620, 109
Trd, 000124.880, 108
Trd, 000124.980, 113
Trd, 000133.080, 116
Trd, 000150.400, 133.0
Trd, 000150.560, 108.0
Trd, 000151.900, 105
Trd, 000152.140, 105
Trd, 000152.200, 104
Trd, 000152.640, 105
Trd, 000153.220, 105
Trd, 000153.260, 114
Trd, 000155.540, 106
Trd, 000156.540, 107
Trd, 000163.440, 125.0
Trd, 000164.600, 114
Trd, 000179.300, 99
Trd, 000180.220, 136
Trd, 000180.300, 86
Trd, 000180.520, 100.0
Trd, 000180.980, 94
Trd, 000181.320, 99
Trd, 000181.340, 100
Trd, 000182.220, 97
Trd, 000185.280, 96
Trd, 000188.520, 112
Trd, 000196.260, 118
Trd, 000210.480, 118
Trd, 000211.160, 103
Trd, 000211.340, 105
Trd, 000211.440, 105
Trd, 000211.520, 106
Trd, 000211.540, 105
Trd, 000212.320, 107
Trd, 000212.600, 107
Trd, 000213.520, 112
Trd, 000221.660, 112
Trd, 000235.880, 102
Trd, 000236.320, 125.0
Trd, 000240.280, 140
Trd, 000240.320, 120.0
Trd, 000240.920, 118
Trd, 000242.540, 113
Trd, 000242.920, 112
Trd, 000244.980, 110.0
Trd, 000247.740, 108.0
Trd, 000252.020, 113
Trd, 000258.040, 106
Trd, 000258.500, 111
Trd, 000270.520, 117.0
Trd, 000270.620, 116.0
Trd, 000270.940, 124
Trd, 000270.960, 125.0
Trd, 000271.120, 115
Trd, 000271.140, 108.0
Trd, 000271.800, 101
Trd, 000272.420, 110
Trd, 000274.860, 107
Trd, 000275.620, 103
Trd, 000276.080, 106
Trd, 000296.240, 106
Trd, 000300.360, 106
Trd, 000301.180, 109
Trd, 000301.260, 112
Trd, 000301.300, 108
Trd, 000301.420, 113
Trd, 000301.560, 108.0
Trd, 000301.800, 110
Trd, 000302.220, 111
Trd, 000302.320, 109
Trd, 000306.760, 114
Trd, 000316.160, 104.0
Trd, 000330.820, 109
Trd, 000331.360, 101
Trd, 000331.500, 100
Trd, 000331.700, 105
Trd, 000332.460, 103
Trd, 000332.560, 100
Trd, 000332.620, 104
Trd, 000333.900, 104
Trd, 000334.200, 104
Trd, 000334.320, 114
Trd, 000342.200, 111
Trd, 000349.820, 113
Trd, 000360.680, 99.0
Trd, 000360.700, 100.0
Trd, 000360.980, 108
Trd, 000361.280, 107
Trd, 000361.400, 112
Trd, 000361.500, 125.0
Trd, 000362.300, 108
Trd, 000362.920, 108
Trd, 000365.320, 107
Trd, 000365.440, 105
Trd, 000367.820, 104.0
Trd, 000371.940, 108
Trd, 000377.680, 109
Trd, 000390.800, 96
Trd, 000390.820, 98.0
Trd, 000390.920, 82
Trd, 000391.160, 100.0
Trd, 000391.680, 98
Trd, 000392.380, 106
Trd, 000392.960, 111
Trd, 000396.440, 106
Trd, 000397.840, 112
Trd, 000398.740, 104.0
Trd, 000400.120, 99
Trd, 000405.700, 95.0
Trd, 000420.580, 101
Trd, 000420.760, 79.0
Trd, 000420.860, 98
Trd, 000421.600, 88
Trd, 000421.780, 98
Trd, 000422.020, 112
Trd, 000422.380, 126
Trd, 000422.460, 103
Trd, 000423.260, 105
Trd, 000425.060, 108
Trd, 000436.560, 120.0
Trd, 000441.440, 103
Trd, 000450.640, 79.0
Trd, 000452.240, 121.0
Trd, 000453.560, 120.0
Trd, 000453.900, 122.0
Trd, 000454.580, 124
Trd, 000456.820, 120
Trd, 000463.840, 116.0
Trd, 000465.040, 122
Trd, 000476.360, 108.0
Trd, 000480.680, 79.0
Trd, 000480.880, 105
Trd, 000481.360, 104
Trd, 000481.840, 97
Trd, 000481.960, 105
Trd, 000482.040, 106
Trd, 000482.980, 100.0
Trd, 000483.680, 103
Trd, 000483.720, 105
Trd, 000486.500, 104
Trd, 000487.060, 113
Trd, 000500.340, 98
Trd, 000509.800, 95.0
Trd, 000510.720, 104
Trd, 000510.840, 105
Trd, 000511.120, 98
Trd, 000511.520, 98
Trd, 000511.580, 100.0
Trd, 000512.520, 117
Trd, 000513.500, 123
Trd, 000516.700, 108
Trd, 000525.460, 108
Trd, 000540.540, 110
Trd, 000541.200, 114
Trd, 000541.940, 112
Trd, 000542.940, 111
Trd, 000542.980, 110
Trd, 000543.660, 110
Trd, 000544.040, 111
Trd, 000544.540, 108
Trd, 000548.180, 108.0
Trd, 000563.380, 111
Trd, 000570.800, 96
Trd, 000571.100, 97
Trd, 000571.280, 98.0
Trd, 000571.820, 96
Trd, 000572.320, 97
Trd, 000572.400, 96
Trd, 000573.700, 97
Trd, 000573.760, 100.0
Trd, 000574.000, 113
Trd, 000575.160, 95.0
Trd, 000583.080, 116
Trd, 000600.860, 113
Trd, 000600.900, 133.0
Trd, 000601.200, 118
Trd, 000601.240, 116.0
Trd, 000601.320, 123
Trd, 000602.020, 117
Trd, 000603.660, 112
Trd, 000605.280, 108.0
Trd, 000609.100, 112
Trd, 000610.440, 104.0
Trd, 000616.300, 110
Trd, 000631.540, 105
Trd, 000631.840, 98.0
Trd, 000632.160, 105
Trd, 000632.220, 105
Trd, 000632.400, 106
Trd, 000633.460, 108.0
Trd, 000634.800, 104
Trd, 000635.060, 105
Trd, 000635.140, 107
Trd, 000635.920, 112
Trd, 000647.800, 104.0
Trd, 000654.120, 99
Trd, 000660.840, 134.0
Trd, 000661.000, 133.0
Trd, 000661.400, 112
Trd, 000662.020, 98.0
Trd, 000662.100, 100.0
Trd, 000662.460, 104
Trd, 000662.960, 104
Trd, 000663.340, 106
Trd, 000663.600, 96.0
Trd, 000663.960, 104
Trd, 000682.960, 97
Trd, 000690.880, 102
Trd, 000691.020, 94
Trd, 000691.320, 95.0
Trd, 000691.500, 109.0
Trd, 000691.520, 112
Trd, 000691.980, 113
Trd, 000692.200, 109.0
Trd, 000692.720, 108.0
Trd, 000693.160, 118
Trd, 000699.340, 112
Trd, 000711.380, 105.0
Trd, 000715.780, 104.0
Trd, 000720.920, 100.0
Trd, 000721.160, 106
Trd, 000721.920, 104
Trd, 000721.960, 103
Trd, 000722.860, 101
Trd, 000723.020, 102
Trd, 000723.180, 103
Trd, 000723.420, 102
Trd, 000723.880, 103
Trd, 000724.220, 112
Trd, 000743.740, 125.0
Trd, 000750.960, 116.0
Trd, 000751.100, 79.0
Trd, 000751.160, 100
Trd, 000751.620, 133.0
Trd, 000751.640, 115
Trd, 000752.200, 124.0
Trd, 000752.320, 114
Trd, 000753.440, 121
Trd, 000755.380, 118
Trd, 000757.380, 108.0
Trd, 000757.660, 104.0
Trd, 000759.560, 103
Trd, 000772.040, 102.0
Trd, 000781.080, 107
Trd, 000781.200, 99
Trd, 000781.220, 105
Trd, 000781.380, 124
Trd, 000782.700, 117.0
Trd, 000782.860, 117.0
Trd, 000783.100, 116.0
Trd, 000783.280, 118
Trd, 000791.140, 117.0
Trd, 000791.700, 108.0
Trd, 000798.580, 104.0
Trd, 000799.100, 95.0
Trd, 000811.060, 79.0
Trd, 000811.500, 104
Trd, 000811.520, 109
Trd, 000811.600, 113
Trd, 000811.840, 108.0
Trd, 000813.600, 112
Trd, 000813.920, 116.0
Trd, 000814.000, 105
Trd, 000814.880, 116
Trd, 000818.500, 121
Trd, 000821.480, 113.0
Trd, 000832.640, 104.0
Trd, 000834.440, 95.0
Trd, 000841.080, 117
Trd, 000841.220, 116.0
Trd, 000841.240, 129.0
Trd, 000841.340, 114
Trd, 000841.440, 102
Trd, 000843.160, 109
Trd, 000844.240, 109.0
Trd, 000844.520, 109
Trd, 000850.040, 110
Trd, 000863.460, 108.0
Trd, 000866.600, 104.0
Trd, 000871.260, 111
Trd, 000871.280, 109.0
Trd, 000871.720, 123
Trd, 000872.220, 116
Trd, 000872.400, 116.0
Trd, 000872.520, 118
Trd, 000875.280, 117
Trd, 000880.020, 108.0
Trd, 000880.740, 113
Trd, 000883.460, 104.0
Trd, 000890.720, 111
Trd, 000894.640, 107
Trd, 000901.360, 114
Trd, 000901.520, 112
Trd, 000901.780, 111
Trd, 000901.880, 109
Trd, 000902.520, 109
Trd, 000902.780, 110
Trd, 000903.180, 109
Trd, 000903.440, 112
Trd, 000903.780, 108.0
Trd, 000907.600, 114
Trd, 000908.080, 104.0
Trd, 000912.660, 99
Trd, 000931.240, 133.0
Trd, 000931.640, 108.0
Trd, 000931.880, 116.0
Trd, 000932.460, 111
Trd, 000933.420, 111
Trd, 000933.640, 107
Trd, 000933.700, 111
Trd, 000936.040, 108
Trd, 000940.760, 108
Trd, 000946.940, 104.0
Trd, 000961.400, 100.0
Trd, 000961.600, 100
Trd, 000961.700, 107
Trd, 000961.800, 102
Trd, 000962.560, 103
Trd, 000963.200, 113
Trd, 000969.180, 116.0
Trd, 000971.460, 115
Trd, 000974.480, 115
Trd, 000980.800, 99
Trd, 000991.500, 105
Trd, 000991.660, 115
Trd, 000991.740, 108
Trd, 000992.200, 109.0
Trd, 000993.400, 109.0
Trd, 000994.100, 108.0
Trd, 000995.040, 110
Trd, 000996.640, 112
Trd, 001002.440, 112
Trd, 001004.920, 108
Trd, 001011.580, 104.0
Trd, 001013.820, 99
Trd, 001021.560, 100.0
Trd, 001021.980, 109
Trd, 001022.320, 109
Trd, 001022.460, 113
Trd, 001022.700, 109
Trd, 001023.020, 120
Trd, 001026.340, 113.0
Trd, 001029.320, 110
Trd, 001035.540, 108.0
Trd, 001037.140, 110
Trd, 001051.400, 109
Trd, 001051.440, 113
Trd, 001051.540, 113
Trd, 001051.680, 99
Trd, 001052.500, 108.0
Trd, 001053.620, 119
Trd, 001056.300, 116
Trd, 001056.700, 116
Trd, 001058.860, 112
Trd, 001060.720, 107
Trd, 001061.940, 104.0
Trd, 001081.500, 95.0
Trd, 001081.840, 112
Trd, 001082.240, 110.0
Trd, 001082.540, 117.0
Trd, 001083.000, 116.0
Trd, 001083.180, 116
Trd, 001085.340, 110
Trd, 001085.560, 108.0
Trd, 001086.440, 112
Trd, 001089.740, 112
Trd, 001099.520, 104.0
Trd, 001111.580, 124
Trd, 001111.660, 120
Trd, 001111.980, 113
Trd, 001112.340, 99.0
Trd, 001112.480, 100.0
Trd, 001112.960, 105
Trd, 001114.440, 103
Trd, 001114.460, 103
Trd, 001117.800, 103
Trd, 001118.020, 125.0
Trd, 001138.980, 99
Trd, 001140.580, 95.0
Trd, 001141.560, 109
Trd, 001141.600, 112
Trd, 001141.780, 108.0
Trd, 001143.080, 107
Trd, 001144.220, 106
Trd, 001144.240, 105.0
Trd, 001144.660, 104.0
Trd, 001145.600, 105
Trd, 001147.360, 105
Trd, 001152.020, 104
Trd, 001158.900, 109
Trd, 001161.900, 107
Trd, 001171.600, 134.0
Trd, 001171.620, 133.0
Trd, 001171.840, 98
Trd, 001171.920, 79.0
Trd, 001172.160, 96
Trd, 001172.380, 90
Trd, 001172.580, 89
Trd, 001172.880, 88
Trd, 001173.140, 96
Trd, 001173.940, 100.0
Trd, 001176.880, 99.0
Trd, 001190.020, 114
Trd, 001201.660, 99
Trd, 001201.760, 109
Trd, 001201.840, 108
Trd, 001202.120, 102
Trd, 001202.480, 111
Trd, 001203.180, 109.0
Trd, 001203.320, 108.0
Trd, 001205.220, 112
Trd, 001205.940, 111
Trd, 001212.240, 104.0
Trd, 001218.080, 98
Trd, 001231.260, 125.0
Trd, 001231.660, 137
Trd, 001231.980, 134.0
Trd, 001232.000, 133.0
Trd, 001233.240, 120.0
Trd, 001234.040, 120
Trd, 001235.580, 116.0
Trd, 001235.700, 116
Trd, 001236.540, 108.0
Trd, 001238.580, 120
Trd, 001247.020, 104.0
Trd, 001258.740, 110
Trd, 001261.860, 109
Trd, 001262.000, 110
Trd, 001262.200, 115
Trd, 001262.300, 100.0
Trd, 001263.760, 110.0
Trd, 001263.840, 109.0
Trd, 001264.400, 108.0
Trd, 001265.440, 107
Trd, 001266.580, 110.0
Trd, 001269.820, 104.0
Trd, 001277.940, 99
Trd, 001291.700, 116.0
Trd, 001292.440, 99
Trd, 001292.620, 102
Trd, 001292.920, 99
Trd, 001293.580, 99.0
Trd, 001293.660, 100.0
Trd, 001295.600, 100
Trd, 001296.300, 100
Trd, 001297.200, 99
Trd, 001298.440, 114
Trd, 001312.840, 108
Trd, 001321.740, 104
Trd, 001321.800, 105
Trd, 001322.020, 79.0
Trd, 001322.560, 97
Trd, 001323.080, 100.0
Trd, 001323.380, 100
Trd, 001324.080, 105
Trd, 001325.580, 103
Trd, 001326.160, 108
Trd, 001328.400, 112
Trd, 001351.940, 117.0
Trd, 001352.100, 117.0
Trd, 001352.160, 116.0
Trd, 001352.900, 116
Trd, 001352.920, 125.0
Trd, 001353.200, 112
Trd, 001354.380, 108.0
Trd, 001354.800, 124.0
Trd, 001359.260, 109
Trd, 001359.720, 114
Trd, 001367.760, 104.0
Trd, 001372.040, 99
Trd, 001381.900, 129.0
Trd, 001382.500, 98
Trd, 001382.860, 97
Trd, 001383.880, 93
Trd, 001384.220, 93
Trd, 001384.460, 95
Trd, 001384.580, 93
Trd, 001384.700, 91
Trd, 001384.960, 100.0
Trd, 001386.060, 96
Trd, 001390.760, 121
Trd, 001400.820, 120.0
Trd, 001411.920, 79.0
Trd, 001412.160, 73
Trd, 001412.460, 108.0
Trd, 001412.480, 90
Trd, 001412.900, 95
Trd, 001412.980, 100.0
Trd, 001413.080, 103
Trd, 001415.440, 113
Trd, 001416.980, 113
Trd, 001418.720, 113
Trd, 001425.580, 125.0
Trd, 001427.060, 121
Trd, 001437.300, 104.0
Trd, 001442.000, 108
Trd, 001442.140, 108
Trd, 001442.600, 115
Trd, 001442.700, 108.0
Trd, 001443.040, 103
Trd, 001443.240, 110
Trd, 001444.660, 109
Trd, 001445.380, 108
Trd, 001449.560, 107.0
Trd, 001450.220, 108
Trd, 001460.100, 104.0
Trd, 001471.940, 133.0
Trd, 001472.000, 79.0
Trd, 001472.040, 113
Trd, 001472.300, 139
Trd, 001475.060, 109.0
Trd, 001475.660, 109
Trd, 001477.280, 109
Trd, 001477.460, 110
Trd, 001477.960, 108.0
Trd, 001480.000, 112
Trd, 001482.780, 114
Trd, 001492.040, 111
Trd, 001492.780, 104.0
Trd, 001501.900, 116.0
Trd, 001502.200, 125.0
Trd, 001502.620, 114
Trd, 001502.760, 113
Trd, 001503.840, 112
Trd, 001504.640, 110.0
Trd, 001507.140, 111
Trd, 001507.600, 108
Trd, 001510.500, 108.0
Trd, 001519.600, 104.0
Trd, 001532.300, 98
Trd, 001532.420, 79.0
Trd, 001532.480, 95
Trd, 001532.520, 102
Trd, 001533.100, 100.0
Trd, 001533.300, 105
Trd, 001534.080, 111
Trd, 001534.480, 112
Trd, 001534.640, 129.0
Trd, 001537.480, 111
Trd, 001538.660, 113
Trd, 001538.940, 113
Trd, 001540.980, 104.0
Trd, 001562.520, 110
Trd, 001562.700, 108
Trd, 001562.740, 111
Trd, 001562.820, 107
Trd, 001563.280, 110
Trd, 001563.360, 109
Trd, 001563.900, 108.0
Trd, 001565.000, 109
Trd, 001565.540, 108
Trd, 001574.380, 104.0
Trd, 001574.700, 98
Trd, 001577.960, 112
Trd, 001584.160, 125.0
Trd, 001592.080, 79.0
Trd, 001592.420, 125
Trd, 001593.000, 125.0
Trd, 001595.020, 120.0
Trd, 001595.180, 121.0
Trd, 001596.340, 116.0
Trd, 001597.740, 110
Trd, 001597.980, 110
Trd, 001608.280, 108.0
Trd, 001612.640, 109
Trd, 001622.160, 119
Trd, 001622.300, 129.0
Trd, 001622.520, 128
Trd, 001623.180, 115
Trd, 001625.220, 113
Trd, 001625.320, 109.0
Trd, 001625.340, 113
Trd, 001625.780, 112
Trd, 001627.200, 108.0
Trd, 001628.400, 110
Trd, 001638.540, 104.0
Trd, 001652.340, 99
Trd, 001652.860, 100.0
Trd, 001653.100, 99
Trd, 001653.120, 103
Trd, 001653.540, 99
Trd, 001654.100, 97
Trd, 001654.840, 98
Trd, 001655.160, 98
Trd, 001657.740, 112
Trd, 001659.560, 120
Trd, 001660.100, 108.0
Trd, 001660.380, 125.0
Trd, 001675.600, 95.0
Trd, 001682.380, 110
Trd, 001682.500, 99
Trd, 001682.540, 98
Trd, 001682.920, 111
Trd, 001683.820, 109
Trd, 001683.900, 108.0
Trd, 001684.200, 110
Trd, 001685.420, 107
Trd, 001688.360, 106
Trd, 001691.280, 112
Trd, 001703.880, 120.0
Trd, 001704.540, 95.0
Trd, 001712.620, 104
Trd, 001712.760, 96.0
Trd, 001712.880, 107
Trd, 001713.120, 114
Trd, 001713.280, 112
Trd, 001713.460, 100.0
Trd, 001714.900, 106
Trd, 001716.520, 112
Trd, 001719.900, 113
Trd, 001726.360, 114.0
Trd, 001739.940, 104.0
Trd, 001742.300, 112
Trd, 001742.480, 111
Trd, 001742.880, 112
Trd, 001742.960, 108.0
Trd, 001743.180, 111
Trd, 001746.080, 110
Trd, 001746.420, 109
Trd, 001746.600, 110
Trd, 001749.000, 112
Trd, 001757.620, 113
Trd, 001763.460, 104.0
Trd, 001772.540, 86
Trd, 001772.780, 92
Trd, 001773.340, 86
Trd, 001773.440, 87
Trd, 001773.660, 79.0
Trd, 001773.700, 89
Trd, 001773.760, 100.0
Trd, 001774.140, 113
Trd, 001774.640, 92
Trd, 001776.080, 125.0
Trd, 001787.000, 116.0
Trd, 001788.680, 116.0
Trd, 001802.560, 79.0
Trd, 001803.080, 99.0
Trd, 001803.260, 100.0
Trd, 001804.500, 123
Trd, 001806.660, 122
Trd, 001809.480, 120.0
Trd, 001812.820, 116.0
Trd, 001819.880, 122
Trd, 001824.020, 108.0
Trd, 001824.960, 104.0
Trd, 001827.280, 106
Trd, 001832.420, 133.0
Trd, 001832.460, 95.0
Trd, 001832.880, 100.0
Trd, 001833.020, 106
Trd, 001833.620, 105
Trd, 001834.680, 106
Trd, 001834.800, 106
Trd, 001835.780, 120.0
Trd, 001838.400, 107.0
Trd, 001838.760, 104.0
Trd, 001849.520, 113.0
Trd, 001861.860, 99
Trd, 001862.440, 100.0
Trd, 001862.700, 124
Trd, 001863.540, 128
Trd, 001865.080, 117.0
Trd, 001867.640, 118
Trd, 001869.860, 116
Trd, 001870.460, 116.0
Trd, 001870.540, 108.0
Trd, 001871.580, 117
Trd, 001886.720, 104.0
Trd, 001892.620, 114
Trd, 001892.680, 114
Trd, 001892.980, 111
Trd, 001893.800, 108
Trd, 001894.260, 108
Trd, 001895.440, 105.0
Trd, 001895.600, 104.0
Trd, 001896.240, 106
Trd, 001896.720, 108
Trd, 001900.200, 112
Trd, 001900.280, 99
Trd, 001922.780, 100.0
Trd, 001922.960, 95.0
Trd, 001923.120, 107
Trd, 001923.840, 106
Trd, 001924.000, 107
Trd, 001924.440, 106
Trd, 001926.460, 110
Trd, 001926.520, 106
Trd, 001927.140, 112
Trd, 001934.600, 114
Trd, 001952.840, 79.0
Trd, 001952.920, 100.0
Trd, 001953.260, 102
Trd, 001953.320, 96.0
Trd, 001954.080, 96
Trd, 001954.440, 99
Trd, 001954.540, 98
Trd, 001955.260, 98.0
Trd, 001956.120, 107
Trd, 001960.600, 99
Trd, 001963.500, 95.0
Trd, 001965.000, 112
Trd, 001966.920, 125.0
Trd, 001982.740, 100.0
Trd, 001982.800, 125
Trd, 001983.260, 120
Trd, 001983.920, 116.0
Trd, 001984.040, 109.0
Trd, 001985.180, 109.0
Trd, 001985.520, 108.0
Trd, 001989.300, 110
Trd, 001994.060, 104.0
Trd, 001995.240, 110
Trd, 002012.020, 109
Trd, 002012.340, 110
Trd, 002012.760, 95.0
Trd, 002012.800, 107
Trd, 002012.920, 100.0
Trd, 002013.560, 85
Trd, 002013.660, 89
Trd, 002013.720, 98
Trd, 002014.080, 91
Trd, 002014.760, 91
Trd, 002017.060, 114
Trd, 002024.780, 123
Trd, 002025.440, 119
Trd, 002025.520, 104.0
Trd, 002034.500, 95
Trd, 002043.120, 74
Trd, 002043.200, 75
Trd, 002043.340, 79.0
Trd, 002043.380, 88
Trd, 002043.500, 98.0
Trd, 002044.180, 84
Trd, 002044.500, 100.0
Trd, 002044.960, 120
Trd, 002045.820, 125.0
Trd, 002047.160, 108.0
Trd, 002050.100, 116
Trd, 002054.640, 120.0
Trd, 002068.900, 104.0
Trd, 002072.760, 107
Trd, 002072.900, 110
Trd, 002073.840, 111
Trd, 002074.980, 124
Trd, 002077.060, 122
Trd, 002080.620, 120.0
Trd, 002081.120, 120
Trd, 002084.720, 116.0
Trd, 002085.920, 121
Trd, 002087.760, 104.0
Trd, 002102.740, 113
Trd, 002102.780, 116.0
Trd, 002102.920, 115
Trd, 002103.200, 125.0
Trd, 002104.340, 108.0
Trd, 002104.620, 112
Trd, 002105.700, 110
Trd, 002105.860, 110
Trd, 002110.820, 105
Trd, 002110.840, 109
Trd, 002119.120, 104.0
Trd, 002132.880, 133.0
Trd, 002133.040, 116.0
Trd, 002133.600, 115
Trd, 002133.800, 107
Trd, 002134.360, 114
Trd, 002134.380, 108.0
Trd, 002135.520, 109.0
Trd, 002135.760, 109
Trd, 002135.940, 111
Trd, 002142.460, 109
Trd, 002147.040, 104.0
Trd, 002161.740, 100
Trd, 002162.980, 100
Trd, 002163.180, 107
Trd, 002163.240, 112
Trd, 002163.320, 100.0
Trd, 002163.760, 101
Trd, 002164.740, 102
Trd, 002165.240, 101
Trd, 002165.580, 101
Trd, 002166.540, 103
Trd, 002167.640, 101
Trd, 002168.180, 103
Trd, 002192.920, 116.0
Trd, 002193.240, 101
Trd, 002193.500, 102
Trd, 002193.520, 103
Trd, 002193.920, 105
Trd, 002195.180, 105
Trd, 002195.920, 105
Trd, 002196.200, 105
Trd, 002197.440, 114
Trd, 002200.220, 104.0
Trd, 002201.200, 104
Trd, 002208.100, 99
Trd, 002216.400, 95.0
Trd, 002223.160, 79.0
Trd, 002223.700, 95
Trd, 002223.740, 96
Trd, 002224.060, 96
Trd, 002224.380, 97
Trd, 002224.500, 98
Trd, 002224.580, 100.0
Trd, 002225.640, 98
Trd, 002226.340, 114
Trd, 002228.180, 102
Trd, 002234.720, 104.0
Trd, 002242.840, 103
Trd, 002244.880, 99
Trd, 002248.580, 98
Trd, 002253.040, 79.0
Trd, 002253.100, 129.0
Trd, 002253.320, 112
Trd, 002253.620, 108.0
Trd, 002254.700, 108
Trd, 002256.180, 108
Trd, 002256.200, 108
Trd, 002256.760, 109.0
Trd, 002258.300, 104.0
Trd, 002261.400, 106
Trd, 002266.160, 108
Trd, 002276.120, 99
Trd, 002280.040, 112
Trd, 002281.420, 125.0
Trd, 002283.120, 101
Trd, 002283.240, 89
Trd, 002283.440, 79.0
Trd, 002283.660, 80
Trd, 002283.980, 90
Trd, 002284.240, 102
Trd, 002284.480, 119
Trd, 002284.640, 125.0
Trd, 002284.720, 101
Trd, 002287.440, 120
Trd, 002287.460, 119
Trd, 002290.460, 116.0
Trd, 002296.780, 118.0
Trd, 002297.280, 108.0
Trd, 002313.080, 79.0
Trd, 002313.200, 116.0
Trd, 002313.440, 134.0
Trd, 002313.560, 133.0
Trd, 002313.920, 110.0
Trd, 002315.220, 108.0
Trd, 002315.620, 109
Trd, 002315.740, 107
Trd, 002316.180, 110
Trd, 002325.340, 110
Trd, 002337.740, 104.0
Trd, 002338.720, 99
Trd, 002343.200, 97
Trd, 002343.600, 109
Trd, 002343.720, 109
Trd, 002343.820, 109
Trd, 002343.840, 108.0
Trd, 002343.860, 112
Trd, 002344.700, 109
Trd, 002347.340, 107
Trd, 002351.800, 109
Trd, 002373.060, 100.0
Trd, 002373.940, 123.0
Trd, 002374.040, 123.0
Trd, 002376.060, 119.0
Trd, 002386.340, 125.0
Trd, 002388.660, 121
Trd, 002388.880, 116.0
Trd, 002392.560, 117
Trd, 002403.140, 127
Trd, 002403.480, 109
Trd, 002403.840, 117.0
Trd, 002404.000, 116.0
Trd, 002404.120, 108.0
Trd, 002404.940, 114
Trd, 002405.780, 113
Trd, 002408.600, 112
Trd, 002409.840, 110
Trd, 002410.780, 104.0
Trd, 002413.980, 99
Trd, 002420.360, 95.0
Trd, 002433.160, 108.0
Trd, 002434.060, 90
Trd, 002434.680, 87
Trd, 002434.920, 86
Trd, 002435.020, 87
Trd, 002435.400, 88
Trd, 002436.040, 88
Trd, 002436.340, 100.0
Trd, 002447.200, 109.0
Trd, 002447.580, 114
Trd, 002455.000, 125.0
Trd, 002456.280, 108
Trd, 002463.200, 100.0
Trd, 002463.260, 116.0
Trd, 002463.380, 98
Trd, 002463.420, 112
Trd, 002464.200, 106
Trd, 002464.720, 107
Trd, 002464.900, 112
Trd, 002465.480, 115
Trd, 002466.580, 123.0
Trd, 002467.580, 111
Trd, 002467.680, 119
Trd, 002479.480, 120.0
Trd, 002482.040, 104.0
Trd, 002493.720, 110.0
Trd, 002493.760, 108.0
Trd, 002494.120, 117
Trd, 002494.320, 117
Trd, 002494.700, 116.0
Trd, 002496.240, 115
Trd, 002496.540, 114
Trd, 002497.040, 113
Trd, 002498.220, 115
Trd, 002501.240, 104.0
Trd, 002513.560, 99
Trd, 002523.460, 114
Trd, 002523.540, 115
Trd, 002524.120, 110.0
Trd, 002524.620, 111
Trd, 002525.380, 111
Trd, 002526.440, 111
Trd, 002527.020, 111.0
Trd, 002527.680, 108.0
Trd, 002528.640, 104.0
Trd, 002537.840, 112
Trd, 002540.860, 102
Trd, 002551.820, 112
Trd, 002553.360, 106
Trd, 002553.600, 119
Trd, 002553.720, 124.0
Trd, 002553.980, 116.0
Trd, 002554.740, 108.0
Trd, 002556.440, 112
Trd, 002556.520, 113
Trd, 002557.560, 112
Trd, 002560.740, 111
Trd, 002561.800, 104.0
Trd, 002583.440, 108
Trd, 002583.600, 108.0
Trd, 002583.620, 96.0
Trd, 002584.300, 107
Trd, 002584.540, 107
Trd, 002584.660, 104
Trd, 002585.820, 107
Trd, 002586.120, 105.0
Trd, 002590.740, 107
Trd, 002591.000, 114
Trd, 002599.500, 104.0
Trd, 002613.620, 133.0
Trd, 002613.720, 116.0
Trd, 002613.880, 108.0
Trd, 002613.900, 114
Trd, 002614.540, 113
Trd, 002615.280, 107
Trd, 002615.820, 104.0
Trd, 002618.360, 103
Trd, 002619.220, 103
Trd, 002619.780, 104
Trd, 002621.720, 104
Trd, 002643.560, 129.0
Trd, 002643.680, 95.0
Trd, 002643.900, 107
Trd, 002644.140, 101
Trd, 002644.320, 103
Trd, 002644.440, 100
Trd, 002644.980, 103
Trd, 002645.340, 102
Trd, 002645.460, 104
Trd, 002646.360, 102
Trd, 002650.440, 104
Trd, 002651.000, 105
Trd, 002673.900, 108.0
Trd, 002674.020, 108
Trd, 002674.100, 107
Trd, 002674.400, 106
Trd, 002674.500, 104
Trd, 002674.680, 110
Trd, 002674.740, 112
Trd, 002674.880, 103
Trd, 002681.440, 109
Trd, 002697.840, 104.0
Trd, 002703.520, 113
Trd, 002703.620, 116.0
Trd, 002704.460, 110
Trd, 002704.740, 111
Trd, 002705.040, 109.0
Trd, 002705.240, 110
Trd, 002706.900, 108.0
Trd, 002709.700, 106
Trd, 002710.240, 107
Trd, 002713.220, 106
Trd, 002716.120, 104.0
Trd, 002733.580, 105
Trd, 002733.660, 108
Trd, 002733.900, 116
Trd, 002733.980, 108
Trd, 002734.000, 103
Trd, 002734.400, 98.0
Trd, 002735.080, 117.0
Trd, 002739.980, 119.0
Trd, 002741.580, 116.0
Trd, 002746.060, 112.0
Trd, 002755.620, 99
Trd, 002760.660, 95.0
Trd, 002764.020, 109
Trd, 002764.180, 108.0
Trd, 002764.320, 109
Trd, 002764.620, 107
Trd, 002764.740, 109
Trd, 002764.840, 110
Trd, 002765.340, 111
Trd, 002767.180, 106.0
Trd, 002771.840, 104.0
Trd, 002774.640, 103
Trd, 002774.680, 112
Trd, 002793.680, 108.0
Trd, 002793.880, 107
Trd, 002794.180, 116.0
Trd, 002794.800, 109
Trd, 002795.320, 101
Trd, 002796.200, 106
Trd, 002797.160, 105
Trd, 002797.480, 102
Trd, 002797.920, 105
Trd, 002800.920, 107
Trd, 002823.720, 100.0
Trd, 002823.920, 129.0
Trd, 002824.460, 108.0
Trd, 002825.380, 110
Trd, 002825.580, 121.0
Trd, 002826.200, 118
Trd, 002827.860, 117.0
Trd, 002828.080, 116.0
Trd, 002828.720, 113
Trd, 002837.180, 104.0
Trd, 002841.760, 118
Trd, 002852.240, 110
Trd, 002853.840, 108
Trd, 002853.860, 112
Trd, 002853.940, 129.0
Trd, 002854.060, 115
Trd, 002854.300, 117.0
Trd, 002854.420, 128
Trd, 002855.720, 116.0
Trd, 002855.780, 116
Trd, 002871.660, 108.0
Trd, 002882.120, 108
Trd, 002883.840, 111
Trd, 002884.000, 78.0
Trd, 002884.020, 79.0
Trd, 002884.100, 110
Trd, 002884.500, 112
Trd, 002884.720, 113
Trd, 002884.740, 102
Trd, 002886.040, 104
Trd, 002886.240, 104
Trd, 002893.120, 120.0
Trd, 002902.380, 119
Trd, 002908.860, 108.0
Trd, 002913.380, 109
Trd, 002914.040, 106
Trd, 002914.220, 109
Trd, 002914.900, 104
Trd, 002914.920, 110
Trd, 002915.140, 105
Trd, 002915.800, 117.0
Trd, 002916.160, 117.0
Trd, 002916.580, 116.0
Trd, 002925.400, 104.0
Trd, 002930.200, 99
Trd, 002931.620, 112
Trd, 002943.860, 79.0
Trd, 002943.980, 62
Trd, 002944.380, 128.0
Trd, 002944.940, 99.0
Trd, 002945.120, 100.0
Trd, 002947.640, 112
Trd, 002947.700, 110.0
Trd, 002961.200, 112
Trd, 002961.360, 109
Trd, 002974.000, 112
Trd, 002974.340, 108
Trd, 002974.360, 110
Trd, 002974.600, 99
Trd, 002975.120, 100.0
Trd, 002975.480, 99
Trd, 002975.500, 107
Trd, 002975.720, 105
Trd, 002975.780, 113
Trd, 002977.580, 109
Trd, 002978.980, 105.0
Trd, 002991.180, 107
Trd, 002998.240, 104.0
Trd, 003003.960, 116.0
Trd, 003005.000, 92
Trd, 003005.360, 88
Trd, 003005.400, 91
Trd, 003005.820, 91
Trd, 003006.060, 108.0
Trd, 003007.440, 95
Trd, 003007.880, 97
Trd, 003016.120, 114
Trd, 003019.780, 125.0
Trd, 003019.840, 112
Trd, 003027.740, 119
Trd, 003034.220, 133.0
Trd, 003034.560, 132.0
Trd, 003034.680, 121
Trd, 003034.700, 118
Trd, 003036.180, 116.0
Trd, 003038.880, 114
Trd, 003039.500, 113.0
Trd, 003039.520, 110
Trd, 003050.640, 111
Trd, 003058.000, 108.0
Trd, 003064.360, 72
Trd, 003064.440, 77.0
Trd, 003064.520, 79.0
Trd, 003064.580, 86
Trd, 003064.620, 87
Trd, 003065.380, 92
Trd, 003066.860, 99.0
Trd, 003069.120, 100.0
Trd, 003072.020, 105
Trd, 003075.220, 111
Trd, 003076.000, 105
Trd, 003086.140, 113
Trd, 003094.240, 78.0
Trd, 003094.260, 79.0
Trd, 003094.420, 100.0
Trd, 003094.520, 95.0
Trd, 003095.600, 125.0
Trd, 003099.300, 122.0
Trd, 003104.420, 120.0
Trd, 003104.840, 124
Trd, 003124.300, 121
Trd, 003124.600, 119
Trd, 003124.880, 107
Trd, 003125.080, 106
Trd, 003125.580, 110
Trd, 003125.640, 112
Trd, 003126.220, 114
Trd, 003127.820, 110.0
Trd, 003129.000, 112
Trd, 003131.340, 108.0
Trd, 003140.340, 104.0
Trd, 003147.840, 99
Trd, 003154.120, 133.0
Trd, 003154.180, 116.0
Trd, 003154.520, 114
Trd, 003155.080, 114
Trd, 003155.300, 113
Trd, 003156.240, 112
Trd, 003157.540, 110
Trd, 003157.880, 109
Trd, 003161.280, 108.0
Trd, 003173.140, 111
Trd, 003174.100, 104.0
Trd, 003184.420, 116.0
Trd, 003184.800, 114
Trd, 003184.980, 113
Trd, 003185.320, 112
Trd, 003185.460, 113
Trd, 003185.520, 108.0
Trd, 003185.540, 116
Trd, 003185.580, 116
Trd, 003189.180, 121.0
Trd, 003190.260, 107.0
Trd, 003204.960, 111.0
Trd, 003214.660, 109
Trd, 003214.920, 108.0
Trd, 003214.940, 110
Trd, 003215.340, 110
Trd, 003215.400, 110
Trd, 003215.520, 111
Trd, 003215.580, 105.0
Trd, 003216.080, 110
Trd, 003216.320, 112
Trd, 003217.440, 106.0
Trd, 003238.400, 104.0
Trd, 003241.600, 99
Trd, 003244.320, 133.0
Trd, 003244.640, 110.0
Trd, 003244.660, 112
Trd, 003245.240, 109.0
Trd, 003245.700, 110
Trd, 003250.780, 108.0
Trd, 003251.380, 109
Trd, 003253.040, 109
Trd, 003253.980, 109
Trd, 003254.280, 108
Trd, 003258.300, 104.0
Trd, 003261.660, 99
Trd, 003274.460, 100.0
Trd, 003274.620, 96.0
Trd, 003275.100, 97.0
Trd, 003275.160, 101
Trd, 003275.720, 100
Trd, 003276.600, 100
Trd, 003276.620, 100
Trd, 003277.280, 98.0
Trd, 003277.520, 100
Trd, 003277.680, 112
Trd, 003278.480, 125.0
Trd, 003304.360, 79.0
Trd, 003304.560, 114
Trd, 003304.660, 100.0
Trd, 003305.140, 115
Trd, 003306.400, 123.0
Trd, 003308.340, 121
Trd, 003308.540, 120
Trd, 003317.520, 125.0
Trd, 003320.520, 108.0
Trd, 003332.240, 109
Trd, 003334.560, 125
Trd, 003334.860, 101
Trd, 003335.740, 113
Trd, 003335.860, 113
Trd, 003336.060, 114
Trd, 003337.240, 112
Trd, 003337.360, 111
Trd, 003338.160, 109
Trd, 003338.600, 112
Trd, 003340.000, 112
Trd, 003349.880, 108.0
Trd, 003364.620, 109
Trd, 003365.300, 111
Trd, 003365.860, 110.0
Trd, 003366.100, 110
Trd, 003367.080, 110
Trd, 003367.500, 109.0
Trd, 003367.660, 108.0
Trd, 003368.700, 110
Trd, 003369.240, 112
Trd, 003379.580, 104.0
Trd, 003381.580, 112
Trd, 003391.980, 99
Trd, 003394.740, 110
Trd, 003394.860, 107
Trd, 003394.880, 111
Trd, 003396.100, 109
Trd, 003396.220, 108
Trd, 003396.620, 110
Trd, 003397.280, 108.0
Trd, 003399.060, 107
Trd, 003402.760, 110
Trd, 003404.140, 112
Trd, 003410.440, 104.0
Trd, 003425.400, 110.0
Trd, 003425.720, 111
Trd, 003425.780, 109.0
Trd, 003426.000, 110
Trd, 003426.420, 110
Trd, 003427.120, 108.0
Trd, 003427.360, 111
Trd, 003434.640, 111
Trd, 003440.300, 108
Trd, 003443.040, 106
Trd, 003454.680, 79.0
Trd, 003455.280, 116.0
Trd, 003455.580, 131.0
Trd, 003458.740, 117
Trd, 003459.580, 116
Trd, 003460.460, 117
Trd, 003461.320, 117
Trd, 003462.180, 114
Trd, 003462.640, 125
Trd, 003464.360, 108.0
Trd, 003465.560, 104.0
Trd, 003484.820, 124.0
Trd, 003484.860, 122
Trd, 003486.000, 121
Trd, 003486.280, 120
Trd, 003490.580, 120.0
Trd, 003491.980, 121
Trd, 003492.500, 116.0
Trd, 003494.860, 119
Trd, 003501.980, 108.0
Trd, 003515.040, 134.0
Trd, 003515.120, 133.0
Trd, 003515.960, 123
Trd, 003517.420, 120.0
Trd, 003517.920, 121
Trd, 003519.020, 116.0
Trd, 003519.240, 115
Trd, 003519.560, 119
Trd, 003521.020, 108.0
Trd, 003525.460, 104.0
Trd, 003540.740, 99
Trd, 003543.380, 112
Trd, 003544.720, 104
Trd, 003545.680, 107
Trd, 003545.940, 108
Trd, 003546.000, 125.0
Trd, 003546.520, 109
Trd, 003547.220, 109.0
Trd, 003551.900, 111
Trd, 003556.820, 108.0
Trd, 003559.540, 114
Trd, 003562.160, 113
Trd, 003575.100, 76
Trd, 003575.180, 79.0
Trd, 003575.200, 95
Trd, 003575.360, 84
Trd, 003575.500, 96
Trd, 003576.340, 88
Trd, 003576.940, 89
Trd, 003577.320, 100.0
Trd, 003578.400, 108
Trd, 003578.960, 112
Trd, 003586.620, 114
Trd, 003588.180, 115
Trd, 003604.780, 79.0
Trd, 003605.380, 135.0
Trd, 003605.460, 133.0
Trd, 003605.980, 125.0
Trd, 003606.700, 120.0
Trd, 003607.840, 126
Trd, 003609.420, 121
Trd, 003611.280, 116.0
Trd, 003613.780, 108.0
Trd, 003615.620, 108
Trd, 003616.320, 108
Trd, 003616.940, 104.0
Trd, 003618.660, 99
Trd, 003623.120, 108
Trd, 003634.800, 107
Trd, 003634.940, 108
Trd, 003635.420, 106
Trd, 003635.520, 129.0
Trd, 003635.620, 112
Trd, 003636.520, 108
Trd, 003637.200, 110
Trd, 003637.380, 109
Trd, 003637.740, 110
Trd, 003638.100, 104.0
Trd, 003651.280, 109
Trd, 003656.280, 99
Trd, 003664.880, 108.0
Trd, 003665.180, 107
Trd, 003665.280, 106
Trd, 003666.100, 97.0
Trd, 003666.180, 101
Trd, 003668.240, 104
Trd, 003669.800, 107
Trd, 003670.420, 108
Trd, 003670.740, 106
Trd, 003672.240, 108
Trd, 003678.220, 106
Trd, 003694.980, 100.0
Trd, 003695.080, 105
Trd, 003695.780, 109.0
Trd, 003695.840, 108.0
Trd, 003696.000, 109
Trd, 003696.120, 110
Trd, 003696.440, 108
Trd, 003696.480, 113
Trd, 003697.260, 124
Trd, 003697.360, 101
Trd, 003697.400, 99
Trd, 003706.880, 110
Trd, 003724.520, 95.0
Trd, 003725.120, 110.0
Trd, 003725.160, 125.0
Trd, 003725.540, 116.0
Trd, 003726.260, 112
Trd, 003726.860, 110.0
Trd, 003727.540, 109
Trd, 003727.740, 108.0
Trd, 003727.840, 110
Trd, 003732.660, 107
Trd, 003734.760, 108
Trd, 003743.180, 108
Trd, 003747.700, 104.0
Trd, 003754.960, 143
Trd, 003755.280, 106
Trd, 003756.260, 109.0
Trd, 003756.580, 109
Trd, 003756.880, 108.0
Trd, 003757.760, 108
Trd, 003757.860, 104.0
Trd, 003757.920, 107
Trd, 003758.060, 110
Trd, 003760.260, 108
Trd, 003761.060, 112
Trd, 003762.900, 99
Trd, 003766.540, 95.0
Trd, 003784.980, 96
Trd, 003785.420, 114
Trd, 003785.480, 111
Trd, 003785.720, 110
Trd, 003786.280, 116.0
Trd, 003786.440, 111
Trd, 003788.100, 109
Trd, 003788.180, 114
Trd, 003790.160, 108.0
Trd, 003794.140, 104.0
Trd, 003795.180, 106
Trd, 003814.580, 99
Trd, 003815.360, 106
Trd, 003815.420, 107
Trd, 003815.780, 121.0
Trd, 003816.200, 106
Trd, 003816.500, 108.0
Trd, 003817.040, 107
Trd, 003817.380, 108
Trd, 003817.600, 107
Trd, 003818.640, 106
Trd, 003819.260, 108
Trd, 003822.100, 104.0
Trd, 003825.960, 99
Trd, 003827.820, 112
Trd, 003845.180, 125.0
Trd, 003845.380, 129.0
Trd, 003845.400, 118.0
Trd, 003845.680, 117.0
Trd, 003846.160, 116.0
Trd, 003846.220, 109
Trd, 003846.960, 108.0
Trd, 003849.100, 107
Trd, 003849.620, 104.0
Trd, 003849.920, 102
Trd, 003855.760, 99
Trd, 003857.440, 98
Trd, 003864.160, 99
Trd, 003864.180, 95.0
Trd, 003875.100, 69
Trd, 003875.120, 101
Trd, 003875.240, 100.0
Trd, 003875.560, 116
Trd, 003875.640, 96.0
Trd, 003875.960, 108.0
Trd, 003876.720, 114
Trd, 003877.740, 102
Trd, 003878.040, 104
Trd, 003879.280, 104
Trd, 003891.520, 104
Trd, 003899.640, 115
Trd, 003905.100, 100.0
Trd, 003905.240, 140
Trd, 003905.380, 150
Trd, 003905.820, 133.0
Trd, 003905.840, 125
Trd, 003907.540, 125
Trd, 003908.320, 125
Trd, 003909.340, 124
Trd, 003909.580, 120.0
Trd, 003911.100, 116.0
Trd, 003919.640, 106
Trd, 003935.140, 100.0
Trd, 003935.320, 125.0
Trd, 003935.360, 95.0
Trd, 003935.640, 141
Trd, 003936.240, 124
Trd, 003937.760, 133.0
Trd, 003938.780, 126
Trd, 003940.220, 122.0
Trd, 003941.120, 120.0
Trd, 003947.980, 116.0
Trd, 003952.860, 108.0
Trd, 003965.340, 76
Trd, 003965.400, 77
Trd, 003965.440, 100.0
Trd, 003965.800, 108.0
Trd, 003966.100, 122
Trd, 003966.300, 105.0
Trd, 003966.340, 104.0
Trd, 003966.740, 104
Trd, 003967.380, 104
Trd, 003969.060, 102
Trd, 003970.600, 102
Trd, 003995.500, 79.0
Trd, 003995.660, 77
Trd, 003995.680, 88
Trd, 003995.740, 111
Trd, 003995.920, 111
Trd, 003995.940, 112
Trd, 003996.320, 100.0
Trd, 003996.640, 108.0
Trd, 003996.680, 94
Trd, 003999.040, 104
Trd, 004000.920, 104.0
Trd, 004000.980, 106
Trd, 004001.080, 95.0
Trd, 004006.220, 125.0
Trd, 004025.600, 149
Trd, 004025.660, 141
Trd, 004025.800, 121
Trd, 004025.980, 117
Trd, 004026.060, 116.0
Trd, 004026.220, 117
Trd, 004027.280, 112.0
Trd, 004027.320, 114
Trd, 004029.720, 113
Trd, 004041.360, 112
Trd, 004050.300, 108.0
Trd, 004055.340, 112
Trd, 004055.900, 112
Trd, 004055.920, 113
Trd, 004056.260, 123.0
Trd, 004056.300, 112
Trd, 004056.400, 111
Trd, 004056.820, 110
Trd, 004056.880, 108.0
Trd, 004056.980, 112
Trd, 004057.780, 112
Trd, 004058.140, 104.0
Trd, 004085.380, 139
Trd, 004085.640, 124
Trd, 004085.740, 108.0
Trd, 004085.780, 101
Trd, 004086.260, 104
Trd, 004086.420, 103
Trd, 004086.480, 107
Trd, 004086.920, 103
Trd, 004088.020, 105
Trd, 004089.180, 105
Trd, 004092.100, 105
Trd, 004115.540, 141
Trd, 004115.660, 125
Trd, 004115.900, 117.0
Trd, 004116.040, 117.0
Trd, 004116.100, 129.0
Trd, 004116.200, 150
Trd, 004116.220, 116.0
Trd, 004116.680, 125
Trd, 004120.500, 108.0
Trd, 004122.360, 104.0
Trd, 004122.900, 105
Trd, 004127.180, 99
Trd, 004127.880, 95.0
Trd, 004130.060, 91
Trd, 004131.140, 95
Trd, 004145.420, 116.0
Trd, 004145.680, 108.0
Trd, 004145.840, 106
Trd, 004146.080, 113
Trd, 004146.420, 110
Trd, 004146.480, 107.0
Trd, 004146.560, 106.0
Trd, 004147.020, 105
Trd, 004147.060, 104.0
Trd, 004147.980, 99
Trd, 004149.920, 100.0
Trd, 004175.480, 133.0
Trd, 004175.700, 110
Trd, 004176.080, 109
Trd, 004176.100, 110
Trd, 004176.160, 108.0
Trd, 004176.260, 108
Trd, 004176.860, 101
Trd, 004178.120, 102
Trd, 004178.340, 103
Trd, 004178.880, 102
Trd, 004180.280, 103
Trd, 004195.700, 99
Trd, 004205.460, 97
Trd, 004205.500, 100.0
Trd, 004207.180, 136.0
Trd, 004208.120, 135
Trd, 004208.560, 133.0
Trd, 004208.580, 125
Trd, 004210.020, 120.0
Trd, 004211.440, 116.0
Trd, 004212.280, 112
Trd, 004212.860, 108.0
Trd, 004213.400, 108
Trd, 004213.960, 104.0
Trd, 004235.600, 111
Trd, 004235.660, 100
Trd, 004235.700, 99
Trd, 004236.200, 104
Trd, 004236.320, 108
Trd, 004236.480, 99.0
Trd, 004237.240, 107
Trd, 004237.860, 105
Trd, 004238.040, 105
Trd, 004238.400, 106
Trd, 004239.280, 102
Trd, 004239.700, 104
Trd, 004248.340, 95.0
Trd, 004262.180, 108
Trd, 004265.620, 99.0
Trd, 004265.840, 100.0
Trd, 004265.900, 112
Trd, 004265.920, 110
Trd, 004266.120, 109
Trd, 004266.280, 109
Trd, 004266.580, 109.0
Trd, 004266.840, 108.0
Trd, 004268.700, 107
Trd, 004269.620, 105
Trd, 004272.480, 105
Trd, 004272.580, 104.0
Trd, 004295.700, 100.0
Trd, 004295.720, 99
Trd, 004295.760, 112
Trd, 004295.800, 99
Trd, 004295.820, 90
Trd, 004295.900, 99
Trd, 004296.200, 94
Trd, 004296.360, 120
Trd, 004297.940, 98
Trd, 004298.500, 106
Trd, 004298.720, 98
Trd, 004302.620, 99
Trd, 004304.100, 99
Trd, 004325.580, 133.0
Trd, 004325.680, 116.0
Trd, 004325.800, 108.0
Trd, 004326.240, 106
Trd, 004326.340, 107
Trd, 004327.340, 98
Trd, 004327.640, 103
Trd, 004327.680, 103
Trd, 004328.980, 103
Trd, 004329.520, 104
Trd, 004331.620, 104
Trd, 004355.520, 79.0
Trd, 004355.740, 100.0
Trd, 004356.020, 125.0
Trd, 004356.760, 107
Trd, 004358.120, 114
Trd, 004358.620, 111
Trd, 004358.780, 112
Trd, 004359.660, 110
Trd, 004360.920, 108.0
Trd, 004362.300, 109
Trd, 004385.540, 123
Trd, 004385.760, 97.0
Trd, 004385.900, 96.0
Trd, 004386.160, 108
Trd, 004386.400, 100.0
Trd, 004387.120, 101
Trd, 004387.440, 100
Trd, 004387.640, 99
Trd, 004388.760, 99
Trd, 004389.540, 98
Trd, 004393.540, 99
Trd, 004397.840, 99
Trd, 004409.080, 97
Trd, 004415.740, 97
Trd, 004415.940, 96
Trd, 004415.960, 97
Trd, 004416.000, 97
Trd, 004416.360, 110
Trd, 004417.000, 112
Trd, 004417.560, 108.0
Trd, 004417.940, 109
Trd, 004418.260, 111
Trd, 004418.980, 110
Trd, 004422.060, 104.0
Trd, 004422.180, 109
Trd, 004445.980, 109
Trd, 004446.020, 108.0
Trd, 004446.060, 95.0
Trd, 004446.220, 100.0
Trd, 004446.860, 99
Trd, 004446.980, 100
Trd, 004447.240, 101
Trd, 004447.520, 99
Trd, 004448.620, 101
Trd, 004449.640, 103
Trd, 004450.540, 104
Trd, 004452.140, 113
Trd, 004456.260, 108
Trd, 004475.720, 100.0
Trd, 004475.840, 103
Trd, 004475.900, 104
Trd, 004476.120, 101
Trd, 004476.480, 102
Trd, 004476.620, 100
Trd, 004476.720, 99
Trd, 004477.120, 101
Trd, 004477.400, 100
Trd, 004477.720, 101
Trd, 004480.300, 101
Trd, 004481.660, 99.0
Trd, 004505.620, 79.0
Trd, 004505.720, 111
Trd, 004506.780, 113
Trd, 004507.180, 117
Trd, 004507.300, 116.0
Trd, 004507.880, 113
Trd, 004508.200, 113
Trd, 004508.640, 110
Trd, 004509.140, 113
Trd, 004509.960, 112
Trd, 004513.800, 108.0
Trd, 004535.640, 133.0
Trd, 004535.880, 116.0
Trd, 004536.360, 125.0
Trd, 004536.380, 109
Trd, 004536.600, 118
Trd, 004538.640, 114
Trd, 004538.980, 113
Trd, 004540.440, 111
Trd, 004541.300, 112
Trd, 004542.020, 109
Trd, 004544.580, 108.0
Trd, 004553.460, 104.0
Trd, 004566.040, 106
Trd, 004566.060, 107
Trd, 004566.680, 107
Trd, 004566.900, 107
Trd, 004567.020, 106
Trd, 004567.220, 106
Trd, 004568.020, 105
Trd, 004568.260, 104
Trd, 004568.380, 105.0
Trd, 004570.280, 105
Trd, 004596.120, 111
Trd, 004596.260, 108
Trd, 004596.560, 110
Trd, 004596.640, 108
Trd, 004596.720, 111
Trd, 004597.000, 109.0
Trd, 004597.520, 110
Trd, 004598.180, 110
Trd, 004598.240, 109
Trd, 004599.360, 108.0
Trd, 004600.680, 104.0
Trd, 004625.740, 112
Trd, 004625.800, 141
Trd, 004626.140, 100.0
Trd, 004626.500, 106
Trd, 004626.580, 97
Trd, 004627.080, 104
Trd, 004627.820, 100
Trd, 004628.440, 100
Trd, 004629.820, 99
Trd, 004629.900, 99
Trd, 004634.020, 99
Trd, 004638.420, 99
Trd, 004656.040, 100
Trd, 004656.100, 101
Trd, 004656.160, 115
Trd, 004656.340, 113
Trd, 004656.580, 116.0
Trd, 004657.280, 114
Trd, 004657.620, 113
Trd, 004657.820, 112
Trd, 004658.240, 111
Trd, 004658.980, 107.0
Trd, 004662.620, 107
Trd, 004676.180, 104.0
Trd, 004686.000, 79.0
Trd, 004686.060, 61
Trd, 004686.360, 99.0
Trd, 004686.420, 100.0
Trd, 004686.520, 103
Trd, 004687.160, 101
Trd, 004687.420, 101.0
Trd, 004687.440, 104
Trd, 004687.820, 114
Trd, 004690.560, 111
Trd, 004695.180, 105
Trd, 004701.620, 103
Trd, 004715.860, 78.0
Trd, 004715.880, 79.0
Trd, 004715.900, 100.0
Trd, 004716.700, 117.0
Trd, 004717.360, 121
Trd, 004717.880, 118
Trd, 004718.000, 117.0
Trd, 004719.000, 118
Trd, 004719.020, 116.0
Trd, 004719.820, 113
Trd, 004721.260, 111
Trd, 004725.260, 104.0
Trd, 004726.400, 111
Trd, 004746.080, 100.0
Trd, 004746.200, 107
Trd, 004746.780, 100
Trd, 004746.880, 102
Trd, 004747.220, 100
Trd, 004747.860, 99
Trd, 004748.560, 104
Trd, 004748.720, 101
Trd, 004748.960, 102
Trd, 004749.620, 102
Trd, 004753.400, 102
Trd, 004759.020, 108
Trd, 004775.900, 133.0
Trd, 004776.040, 108.0
Trd, 004776.160, 105.0
Trd, 004776.660, 108
Trd, 004777.080, 115
Trd, 004777.480, 113
Trd, 004777.540, 114
Trd, 004778.340, 111
Trd, 004779.220, 107
Trd, 004780.720, 106
Trd, 004784.620, 104.0
Trd, 004788.620, 101
Trd, 004800.900, 99
Trd, 004805.880, 108.0
Trd, 004806.100, 98
Trd, 004806.360, 96.0
Trd, 004806.380, 95.0
Trd, 004806.760, 97
Trd, 004806.840, 98
Trd, 004807.420, 98
Trd, 004807.860, 98.0
Trd, 004808.400, 100.0
Trd, 004808.960, 100
Trd, 004810.640, 104
Trd, 004828.060, 100
Trd, 004835.900, 56
Trd, 004836.240, 97.0
Trd, 004836.300, 99.0
Trd, 004837.020, 98
Trd, 004837.300, 98.0
Trd, 004837.440, 100.0
Trd, 004837.620, 104
Trd, 004838.000, 104
Trd, 004839.140, 107
Trd, 004841.240, 105
Trd, 004841.600, 107
Trd, 004845.700, 108
Trd, 004848.980, 104
Trd, 004866.020, 54
Trd, 004866.200, 109
Trd, 004866.440, 95
Trd, 004866.460, 109
Trd, 004866.860, 100.0
Trd, 004867.120, 102
Trd, 004867.160, 102
Trd, 004868.840, 102
Trd, 004869.340, 102
Trd, 004869.480, 100
Trd, 004877.160, 101
Trd, 004894.160, 104
Trd, 004895.880, 91
Trd, 004895.980, 116.0
Trd, 004896.240, 105
Trd, 004896.420, 125
Trd, 004896.680, 99
Trd, 004897.220, 97
Trd, 004897.300, 96.0
Trd, 004898.000, 96.0
Trd, 004898.140, 98
Trd, 004898.400, 100.0
Trd, 004898.780, 108
Trd, 004900.220, 105
Trd, 004903.660, 96
Trd, 004926.100, 101
Trd, 004926.180, 96
Trd, 004926.600, 79
Trd, 004926.960, 100.0
Trd, 004927.040, 106
Trd, 004927.100, 107
Trd, 004927.180, 108
Trd, 004928.400, 107
Trd, 004928.480, 112
Trd, 004930.880, 109
Trd, 004930.900, 108
Trd, 004933.580, 104.0
Trd, 004955.960, 79.0
Trd, 004956.240, 116.0
Trd, 004956.320, 122
Trd, 004956.400, 99
Trd, 004956.600, 123
Trd, 004957.080, 122.0
Trd, 004957.800, 118
Trd, 004958.880, 114
Trd, 004959.700, 114.0
Trd, 004960.480, 112.0
Trd, 004986.040, 74
Trd, 004986.140, 78
Trd, 004986.160, 79.0
Trd, 004986.380, 108
Trd, 004986.620, 69
Trd, 004986.740, 91
Trd, 004986.840, 80
Trd, 004987.240, 96.0
Trd, 004987.980, 100.0
Trd, 004988.460, 97.0
Trd, 004989.440, 106
