Trd, 000030.187, 144
Trd, 000030.287, 138.0
Trd, 000030.437, 103
Trd, 000030.562, 112
Trd, 000030.725, 120
Trd, 000030.750, 132
Trd, 000030.850, 107
Trd, 000031.325, 123
Trd, 000031.475, 98.0
Trd, 000031.612, 86
Trd, 000031.712, 125.0
Trd, 000034.050, 115.0
Trd, 000043.113, 113
Trd, 000060.100, 151.0
Trd, 000060.238, 76.0
Trd, 000060.413, 116
Trd, 000060.613, 118
Trd, 000060.663, 116.0
Trd, 000060.750, 119
Trd, 000060.863, 96.0
Trd, 000061.000, 132
Trd, 000061.825, 120
Trd, 000062.725, 118
Trd, 000065.013, 117
Trd, 000067.600, 109
Trd, 000069.813, 101.0
Trd, 000072.763, 91
Trd, 000086.563, 98
Trd, 000090.150, 104
Trd, 000090.263, 101.0
Trd, 000090.350, 116
Trd, 000090.438, 111
Trd, 000091.113, 112
Trd, 000091.288, 102
Trd, 000091.325, 101
Trd, 000091.738, 117
Trd, 000091.888, 96.0
Trd, 000092.100, 116
Trd, 000093.275, 121
Trd, 000100.075, 115.0
Trd, 000110.813, 118
Trd, 000114.663, 101
Trd, 000119.850, 94
Trd, 000120.088, 130
Trd, 000120.300, 118
Trd, 000120.375, 116.0
Trd, 000120.475, 133.0
Trd, 000120.600, 122
Trd, 000120.638, 118
Trd, 000120.650, 137.0
Trd, 000120.738, 108
Trd, 000121.025, 113
Trd, 000121.463, 106
Trd, 000131.300, 120
Trd, 000135.513, 110
Trd, 000137.063, 100.0
Trd, 000150.088, 58
Trd, 000150.263, 136.0
Trd, 000150.313, 135.0
Trd, 000150.900, 117
Trd, 000150.937, 116.0
Trd, 000151.037, 136
Trd, 000152.112, 121
Trd, 000152.175, 114
Trd, 000154.200, 121
Trd, 000155.325, 111
Trd, 000156.375, 104
Trd, 000157.712, 108
Trd, 000164.975, 102.0
Trd, 000165.112, 97.0
Trd, 000180.337, 138.0
Trd, 000180.437, 102.0
Trd, 000180.500, 96
Trd, 000180.675, 127.0
Trd, 000180.750, 104
Trd, 000180.837, 133.0
Trd, 000181.087, 102
Trd, 000181.125, 131
Trd, 000182.662, 116.0
Trd, 000183.162, 102
Trd, 000184.362, 96.0
Trd, 000184.925, 111
Trd, 000194.175, 110
Trd, 000198.050, 110
Trd, 000210.212, 117
Trd, 000210.250, 96
Trd, 000210.325, 75.0
Trd, 000210.387, 99.0
Trd, 000210.462, 69.0
Trd, 000210.862, 93
Trd, 000210.975, 88
Trd, 000211.075, 99
Trd, 000211.200, 83
Trd, 000213.087, 125.0
Trd, 000214.175, 101
Trd, 000215.975, 112
Trd, 000216.775, 126
Trd, 000217.537, 115
Trd, 000234.737, 101.0
Trd, 000240.175, 56.0
Trd, 000240.412, 134.0
Trd, 000240.700, 95.0
Trd, 000240.900, 138.0
Trd, 000240.962, 138.0
Trd, 000241.075, 132.0
Trd, 000241.350, 116.0
Trd, 000241.475, 118
Trd, 000242.775, 106
Trd, 000242.975, 109
Trd, 000243.025, 126.0
Trd, 000244.112, 109
Trd, 000249.162, 108
Trd, 000251.287, 107
Trd, 000270.200, 117.0
Trd, 000270.250, 85
Trd, 000270.387, 151.0
Trd, 000270.487, 134.0
Trd, 000271.450, 110
Trd, 000271.650, 116
Trd, 000272.550, 117
Trd, 000272.800, 117
Trd, 000274.175, 114
Trd, 000274.250, 117
Trd, 000275.650, 111
Trd, 000278.212, 109
Trd, 000279.475, 102.0
Trd, 000286.600, 100
Trd, 000297.462, 95.0
Trd, 000300.475, 116.0
Trd, 000300.537, 114
Trd, 000300.962, 112
Trd, 000301.000, 102.0
Trd, 000301.225, 110
Trd, 000301.312, 113
Trd, 000301.462, 117
Trd, 000302.112, 126.0
Trd, 000302.237, 105
Trd, 000302.512, 130
Trd, 000303.362, 104
Trd, 000303.375, 101
Trd, 000305.337, 100
Trd, 000313.137, 133.0
Trd, 000318.087, 98
Trd, 000330.350, 105
Trd, 000330.375, 136.0
Trd, 000330.462, 66
Trd, 000330.500, 99.0
Trd, 000330.687, 83
Trd, 000330.925, 101.0
Trd, 000331.075, 105
Trd, 000331.412, 104
Trd, 000331.837, 105
Trd, 000332.437, 120
Trd, 000332.800, 113
Trd, 000337.075, 119
Trd, 000341.575, 117
Trd, 000355.187, 122
Trd, 000360.300, 100.0
Trd, 000360.425, 55.0
Trd, 000360.462, 144
Trd, 000360.837, 118
Trd, 000360.850, 105
Trd, 000360.950, 119
Trd, 000361.237, 115.0
Trd, 000361.587, 114
Trd, 000361.612, 81
Trd, 000361.775, 116
Trd, 000362.775, 121
Trd, 000362.900, 105
Trd, 000366.425, 117
Trd, 000377.775, 97
Trd, 000390.450, 150.0
Trd, 000390.525, 136
Trd, 000391.037, 109
Trd, 000391.250, 102.0
Trd, 000391.300, 125.0
Trd, 000391.487, 96
Trd, 000391.600, 127
Trd, 000392.012, 117
Trd, 000392.050, 111
Trd, 000396.850, 118
Trd, 000397.987, 119
Trd, 000398.662, 116.0
Trd, 000402.700, 116
Trd, 000411.262, 97.0
Trd, 000418.700, 87
Trd, 000420.375, 85
Trd, 000420.387, 120
Trd, 000420.437, 116
Trd, 000420.512, 118
Trd, 000420.650, 100.0
Trd, 000420.775, 127.0
Trd, 000420.925, 102
Trd, 000420.987, 101
Trd, 000421.700, 114
Trd, 000422.750, 99.0
Trd, 000423.200, 113
Trd, 000424.112, 121
Trd, 000427.675, 101
Trd, 000431.625, 97.0
Trd, 000440.325, 118
Trd, 000450.462, 149.0
Trd, 000450.500, 115.0
Trd, 000450.725, 107
Trd, 000450.850, 134.0
Trd, 000450.862, 100.0
Trd, 000451.137, 138.0
Trd, 000451.525, 130
Trd, 000451.537, 137
Trd, 000455.800, 125
Trd, 000456.800, 110
Trd, 000460.275, 109
Trd, 000462.325, 125
Trd, 000467.350, 96.0
Trd, 000469.487, 96
Trd, 000480.625, 109
Trd, 000480.762, 96.0
Trd, 000480.775, 128
Trd, 000480.962, 99.0
Trd, 000481.087, 94
Trd, 000481.912, 117.0
Trd, 000481.987, 103
Trd, 000482.412, 114
Trd, 000482.500, 118
Trd, 000482.512, 127.0
Trd, 000483.037, 131
Trd, 000488.700, 112
Trd, 000499.337, 100.0
Trd, 000499.962, 84
Trd, 000509.350, 104
Trd, 000510.437, 61.0
Trd, 000510.537, 100.0
Trd, 000510.550, 120
Trd, 000510.587, 70
Trd, 000510.612, 75
Trd, 000511.037, 148.0
Trd, 000511.237, 116.0
Trd, 000512.550, 126.0
Trd, 000513.712, 131.0
Trd, 000516.850, 114
Trd, 000525.600, 118
Trd, 000526.725, 110
Trd, 000532.862, 128
Trd, 000540.375, 113
Trd, 000540.550, 83
Trd, 000540.775, 101
Trd, 000541.025, 114
Trd, 000541.112, 116
Trd, 000541.337, 103
Trd, 000541.475, 127.0
Trd, 000541.687, 121
Trd, 000541.812, 116.0
Trd, 000541.900, 129
Trd, 000542.587, 111
Trd, 000543.862, 108
Trd, 000547.825, 100.0
Trd, 000549.225, 95.0
Trd, 000565.337, 101
Trd, 000570.462, 57
Trd, 000570.537, 148.0
Trd, 000570.625, 77
Trd, 000570.925, 95.0
Trd, 000571.437, 107
Trd, 000571.537, 118
Trd, 000572.500, 125
Trd, 000573.100, 122
Trd, 000573.437, 127.0
Trd, 000574.612, 115
Trd, 000576.487, 115.0
Trd, 000577.000, 129
Trd, 000577.350, 110
Trd, 000582.275, 100.0
Trd, 000600.562, 133
Trd, 000600.612, 139.0
Trd, 000600.687, 103
Trd, 000600.850, 112
Trd, 000601.537, 112
Trd, 000601.600, 115
Trd, 000601.800, 114
Trd, 000601.950, 115
Trd, 000602.350, 100.0
Trd, 000602.875, 115
Trd, 000603.200, 105
Trd, 000606.763, 100
Trd, 000613.875, 104
Trd, 000618.238, 96
Trd, 000630.563, 105
Trd, 000630.600, 132.0
Trd, 000630.913, 116.0
Trd, 000631.088, 136.0
Trd, 000631.113, 107
Trd, 000631.163, 102.0
Trd, 000631.463, 98
Trd, 000631.663, 99
Trd, 000631.738, 97
Trd, 000631.800, 87
Trd, 000632.275, 102
Trd, 000632.988, 108
Trd, 000637.713, 116
Trd, 000638.263, 101
Trd, 000639.838, 105
Trd, 000641.425, 96.0
Trd, 000660.525, 98.0
Trd, 000660.813, 93
Trd, 000660.838, 99
Trd, 000661.200, 115
Trd, 000661.588, 104
Trd, 000661.950, 106
Trd, 000661.988, 101.0
Trd, 000662.650, 125.0
Trd, 000663.300, 102
Trd, 000663.525, 130
Trd, 000665.100, 114
Trd, 000690.550, 117
Trd, 000690.563, 117.0
Trd, 000690.688, 149.0
Trd, 000690.813, 126
Trd, 000690.900, 126.0
Trd, 000691.125, 98
Trd, 000691.225, 126
Trd, 000691.513, 97.0
Trd, 000691.550, 133.0
Trd, 000691.688, 85
Trd, 000692.675, 105
Trd, 000695.875, 125
Trd, 000697.913, 102.0
Trd, 000714.538, 97
Trd, 000720.513, 103
Trd, 000720.713, 99.0
Trd, 000720.813, 116
Trd, 000720.850, 125.0
Trd, 000721.000, 128
Trd, 000721.013, 84
Trd, 000721.213, 136.0
Trd, 000722.363, 108
Trd, 000726.163, 118
Trd, 000726.213, 101.0
Trd, 000728.363, 97.0
Trd, 000730.463, 121
Trd, 000732.313, 123
Trd, 000733.913, 110
Trd, 000746.488, 98
Trd, 000750.525, 127
Trd, 000750.688, 117
Trd, 000750.713, 116.0
Trd, 000750.988, 105
Trd, 000751.000, 104
Trd, 000751.788, 108
Trd, 000752.038, 119
Trd, 000752.213, 101.0
Trd, 000752.913, 116
Trd, 000752.988, 118
Trd, 000753.463, 117
Trd, 000753.900, 117
Trd, 000769.713, 95.0
Trd, 000776.363, 95
Trd, 000780.538, 97.0
Trd, 000781.075, 146.0
Trd, 000781.088, 135.0
Trd, 000781.188, 118
Trd, 000781.250, 100
Trd, 000781.313, 101.0
Trd, 000781.350, 126.0
Trd, 000781.800, 106
Trd, 000782.588, 98
Trd, 000784.100, 124
Trd, 000784.188, 112
Trd, 000785.488, 134
Trd, 000810.738, 106
Trd, 000810.800, 150.0
Trd, 000810.825, 104
Trd, 000810.938, 102
Trd, 000811.713, 123
Trd, 000811.775, 114
Trd, 000811.913, 114
Trd, 000812.163, 103
Trd, 000812.613, 101.0
Trd, 000812.900, 116
Trd, 000812.913, 97.0
Trd, 000813.463, 117
Trd, 000817.838, 126.0
Trd, 000832.588, 96
Trd, 000840.588, 117.0
Trd, 000840.613, 109
Trd, 000840.638, 55.0
Trd, 000840.850, 74.0
Trd, 000840.938, 115
Trd, 000840.988, 95.0
Trd, 000841.300, 131
Trd, 000841.475, 131.0
Trd, 000841.613, 91
Trd, 000841.813, 116
Trd, 000842.325, 127
Trd, 000845.463, 118
Trd, 000847.550, 125
Trd, 000848.750, 117
Trd, 000851.988, 123
Trd, 000853.400, 88
Trd, 000859.025, 98
Trd, 000870.563, 149.0
Trd, 000870.650, 116.0
Trd, 000871.363, 110
Trd, 000871.388, 109
Trd, 000871.400, 116
Trd, 000871.525, 104
Trd, 000872.175, 106
Trd, 000872.375, 116
Trd, 000872.650, 102.0
Trd, 000872.738, 97
Trd, 000872.950, 99
Trd, 000873.263, 116
Trd, 000873.763, 126.0
Trd, 000898.675, 119
Trd, 000900.300, 95.0
Trd, 000900.575, 58.0
Trd, 000900.888, 138.0
Trd, 000900.925, 133.0
Trd, 000900.938, 105
Trd, 000901.013, 147.0
Trd, 000901.313, 130
Trd, 000901.325, 101.0
Trd, 000901.750, 103
Trd, 000906.050, 131.0
Trd, 000911.350, 111
Trd, 000911.988, 112
Trd, 000913.850, 119
Trd, 000930.613, 61.0
Trd, 000930.663, 67
Trd, 000930.700, 127.0
Trd, 000930.725, 114
Trd, 000930.750, 74
Trd, 000930.913, 131
Trd, 000931.213, 134.0
Trd, 000931.263, 136.0
Trd, 000931.463, 102.0
Trd, 000937.375, 133.0
Trd, 000937.650, 115
Trd, 000938.325, 113
Trd, 000938.863, 110
Trd, 000955.638, 114
Trd, 000959.975, 102
Trd, 000960.763, 95
Trd, 000960.838, 133.0
Trd, 000961.113, 121
Trd, 000961.200, 102
Trd, 000961.225, 83.0
Trd, 000961.338, 114
Trd, 000961.488, 118
Trd, 000962.413, 113
Trd, 000962.950, 101
Trd, 000964.288, 127.0
Trd, 000964.338, 109
Trd, 000966.288, 100.0
Trd, 000967.225, 95.0
Trd, 000969.900, 87
Trd, 000974.413, 131
Trd, 000990.613, 108
Trd, 000990.838, 117
Trd, 000990.875, 103
Trd, 000991.038, 97.0
Trd, 000991.100, 97.0
Trd, 000991.188, 86
Trd, 000991.638, 110
Trd, 000992.063, 108
Trd, 000992.450, 117
Trd, 000998.788, 117
Trd, 001002.475, 115.0
Trd, 001004.288, 124
Trd, 001004.925, 116
Trd, 001010.475, 101.0
Trd, 001016.475, 116
Trd, 001020.638, 74.0
Trd, 001020.850, 95.0
Trd, 001020.950, 133.0
Trd, 001021.175, 138.0
Trd, 001021.513, 137.0
Trd, 001021.663, 123
Trd, 001021.688, 116
Trd, 001021.775, 151.0
Trd, 001022.938, 114
Trd, 001023.988, 124
Trd, 001025.125, 108
Trd, 001025.375, 101.0
Trd, 001034.725, 112
Trd, 001041.563, 97
Trd, 001050.738, 125.0
Trd, 001050.900, 137.0
Trd, 001050.963, 104
Trd, 001050.975, 131
Trd, 001051.088, 100.0
Trd, 001051.175, 95
Trd, 001051.363, 119
Trd, 001051.563, 116
Trd, 001053.125, 112
Trd, 001053.163, 99
Trd, 001053.500, 115
Trd, 001053.588, 97.0
Trd, 001054.150, 117
Trd, 001056.588, 115.0
Trd, 001065.275, 86
Trd, 001072.500, 91
Trd, 001080.750, 110
Trd, 001081.050, 97.0
Trd, 001081.100, 125.0
Trd, 001081.150, 104
Trd, 001081.313, 90
Trd, 001081.425, 97.0
Trd, 001081.475, 133.0
Trd, 001081.713, 116.0
Trd, 001081.863, 136.0
Trd, 001081.925, 125
Trd, 001082.413, 131
Trd, 001084.413, 132
Trd, 001084.913, 101.0
Trd, 001088.963, 86
Trd, 001092.388, 111
Trd, 001101.125, 95
Trd, 001110.688, 95.0
Trd, 001110.725, 132.0
Trd, 001110.888, 87
Trd, 001111.013, 70
Trd, 001111.038, 111
Trd, 001111.088, 120
Trd, 001111.175, 126.0
Trd, 001111.288, 128
Trd, 001111.550, 115
Trd, 001112.350, 106
Trd, 001112.650, 103
Trd, 001113.613, 100.0
Trd, 001127.413, 99
Trd, 001127.825, 130
Trd, 001131.350, 114
Trd, 001139.638, 93
Trd, 001140.650, 119
Trd, 001140.825, 137.0
Trd, 001140.888, 83.0
Trd, 001141.063, 133.0
Trd, 001141.125, 117.0
Trd, 001141.563, 106
Trd, 001141.738, 124
Trd, 001141.863, 122
Trd, 001141.975, 108
Trd, 001142.438, 99.0
Trd, 001144.338, 115
Trd, 001155.200, 116
Trd, 001161.725, 117
Trd, 001168.325, 100.0
Trd, 001170.938, 133.0
Trd, 001170.963, 137.0
Trd, 001171.650, 117.0
Trd, 001171.900, 101.0
Trd, 001171.975, 92
Trd, 001172.363, 118
Trd, 001173.375, 107
Trd, 001173.725, 112
Trd, 001174.050, 112
Trd, 001174.600, 116
Trd, 001179.400, 104
Trd, 001190.375, 104
Trd, 001200.763, 57.0
Trd, 001200.775, 61.0
Trd, 001200.900, 82
Trd, 001201.175, 74.0
Trd, 001201.250, 127.0
Trd, 001201.825, 101.0
Trd, 001201.875, 137.0
Trd, 001202.263, 135.0
Trd, 001205.550, 129
Trd, 001205.563, 129
Trd, 001207.350, 124
Trd, 001220.200, 117.0
Trd, 001222.150, 117
Trd, 001230.450, 107
Trd, 001230.825, 149.0
Trd, 001230.938, 113
Trd, 001231.238, 115.0
Trd, 001231.413, 111
Trd, 001232.050, 110
Trd, 001232.175, 114
Trd, 001232.213, 96.0
Trd, 001232.288, 121
Trd, 001238.338, 122
Trd, 001241.838, 124
Trd, 001246.063, 110
Trd, 001247.775, 112
Trd, 001251.188, 102.0
Trd, 001252.363, 95
Trd, 001259.413, 98
Trd, 001260.900, 115
Trd, 001260.975, 96
Trd, 001261.175, 95
Trd, 001261.288, 99.0
Trd, 001261.363, 101.0
Trd, 001261.500, 107
Trd, 001262.038, 118
Trd, 001262.175, 117.0
Trd, 001262.188, 125.0
Trd, 001262.263, 102
Trd, 001262.475, 129
Trd, 001264.113, 117
Trd, 001268.825, 125
Trd, 001276.150, 95.0
Trd, 001277.325, 100
Trd, 001283.500, 101
Trd, 001290.850, 97
Trd, 001290.950, 127.0
Trd, 001291.350, 116.0
Trd, 001291.525, 133.0
Trd, 001292.050, 111
Trd, 001292.138, 100.0
Trd, 001292.763, 106
Trd, 001293.163, 95.0
Trd, 001293.225, 87
Trd, 001293.650, 113
Trd, 001294.425, 113
Trd, 001298.850, 100
Trd, 001303.488, 96
Trd, 001306.700, 116
Trd, 001320.800, 126
Trd, 001320.875, 98.0
Trd, 001321.113, 71
Trd, 001321.163, 76.0
Trd, 001321.375, 84.0
Trd, 001321.488, 88
Trd, 001321.525, 97
Trd, 001321.550, 117
Trd, 001321.988, 90
Trd, 001322.075, 125.0
Trd, 001326.388, 120
Trd, 001327.100, 109
Trd, 001332.475, 123
Trd, 001334.663, 100.0
Trd, 001341.000, 96
Trd, 001351.038, 128
Trd, 001351.100, 117.0
Trd, 001351.188, 132.0
Trd, 001351.213, 96.0
Trd, 001351.863, 120
Trd, 001351.900, 119
Trd, 001352.150, 114
Trd, 001352.238, 111
Trd, 001352.250, 126.0
Trd, 001352.550, 116
Trd, 001353.925, 100.0
Trd, 001356.313, 113
Trd, 001361.488, 108
Trd, 001367.275, 99
Trd, 001374.588, 97
Trd, 001380.775, 136.0
Trd, 001380.825, 147.0
Trd, 001380.838, 76.0
Trd, 001381.238, 97.0
Trd, 001381.263, 109
Trd, 001381.400, 116
Trd, 001382.013, 109
Trd, 001382.288, 100
Trd, 001382.688, 111
Trd, 001383.388, 109
Trd, 001384.013, 106
Trd, 001385.150, 126.0
Trd, 001387.438, 111
Trd, 001400.125, 102.0
Trd, 001400.513, 95
Trd, 001404.838, 89
Trd, 001410.838, 136.0
Trd, 001410.925, 102.0
Trd, 001411.088, 88
Trd, 001411.200, 83.0
Trd, 001411.413, 116.0
Trd, 001411.613, 127.0
Trd, 001412.063, 117
Trd, 001412.125, 117
Trd, 001412.450, 109
Trd, 001412.775, 115
Trd, 001413.525, 130
Trd, 001416.575, 117
Trd, 001416.813, 118
Trd, 001417.838, 117
Trd, 001426.888, 98
Trd, 001434.813, 95.0
Trd, 001439.988, 88
Trd, 001440.838, 69.0
Trd, 001440.988, 99.0
Trd, 001441.000, 97
Trd, 001441.063, 137.0
Trd, 001441.175, 147.0
Trd, 001441.550, 114
Trd, 001441.788, 123
Trd, 001442.263, 115.0
Trd, 001443.950, 125.0
Trd, 001444.088, 108
Trd, 001444.138, 105
Trd, 001448.125, 104
Trd, 001452.800, 103
Trd, 001456.263, 104
Trd, 001458.488, 100.0
Trd, 001460.413, 105
Trd, 001470.863, 75.0
Trd, 001470.988, 92
Trd, 001471.075, 102.0
Trd, 001471.475, 108
Trd, 001471.675, 99
Trd, 001472.075, 104
Trd, 001472.163, 118
Trd, 001472.475, 115.0
Trd, 001472.575, 125.0
Trd, 001472.650, 129
Trd, 001474.425, 132.0
Trd, 001485.950, 116
Trd, 001493.638, 108
Trd, 001500.963, 105
Trd, 001501.013, 87
Trd, 001501.075, 101.0
Trd, 001501.663, 105
Trd, 001501.713, 116
Trd, 001501.788, 104
Trd, 001501.913, 109
Trd, 001502.025, 94
Trd, 001502.225, 92
Trd, 001502.250, 127.0
Trd, 001502.950, 131
Trd, 001503.113, 138.0
Trd, 001503.800, 110
Trd, 001505.625, 97.0
Trd, 001506.263, 131.0
Trd, 001509.388, 89
Trd, 001524.775, 82.0
Trd, 001530.863, 110
Trd, 001530.900, 121
Trd, 001531.088, 112
Trd, 001531.263, 99.0
Trd, 001531.750, 106
Trd, 001531.800, 108
Trd, 001532.325, 106
Trd, 001532.538, 115
Trd, 001532.750, 115.0
Trd, 001533.188, 101.0
Trd, 001533.625, 125
Trd, 001536.025, 116
Trd, 001539.850, 107
Trd, 001540.375, 95.0
Trd, 001544.513, 104
Trd, 001544.838, 93
Trd, 001550.775, 94
Trd, 001560.938, 150.0
Trd, 001560.963, 101
Trd, 001561.225, 116.0
Trd, 001561.300, 95.0
Trd, 001561.525, 120
Trd, 001561.563, 125
Trd, 001561.713, 133.0
Trd, 001561.950, 104
Trd, 001562.088, 102.0
Trd, 001562.863, 124
Trd, 001567.213, 117
Trd, 001570.150, 121
Trd, 001573.025, 115
Trd, 001590.925, 57.0
Trd, 001591.175, 101.0
Trd, 001591.350, 99
Trd, 001591.463, 104
Trd, 001592.000, 126.0
Trd, 001592.275, 125
Trd, 001592.488, 109
Trd, 001592.688, 132.0
Trd, 001593.688, 133.0
Trd, 001594.888, 116.0
Trd, 001597.625, 109
Trd, 001601.525, 97
Trd, 001607.913, 119
Trd, 001610.000, 95.0
Trd, 001620.963, 57.0
Trd, 001620.975, 61.0
Trd, 001621.163, 56.0
Trd, 001621.338, 125.0
Trd, 001621.363, 99
Trd, 001621.475, 131.0
Trd, 001622.038, 102
Trd, 001622.213, 98
Trd, 001622.413, 115
Trd, 001622.600, 98
Trd, 001622.950, 111
Trd, 001623.200, 98.0
Trd, 001629.413, 104
Trd, 001630.300, 100
Trd, 001633.900, 98
Trd, 001650.938, 115
Trd, 001651.038, 101.0
Trd, 001651.100, 134.0
Trd, 001651.250, 104
Trd, 001651.313, 95.0
Trd, 001651.338, 113
Trd, 001651.500, 127.0
Trd, 001651.575, 133.0
Trd, 001651.700, 111
Trd, 001652.125, 86
Trd, 001652.950, 99.0
Trd, 001653.688, 107
Trd, 001655.438, 105
Trd, 001656.150, 104
Trd, 001663.238, 97
Trd, 001669.113, 104
Trd, 001680.988, 107
Trd, 001681.063, 133
Trd, 001681.150, 105
Trd, 001681.263, 133.0
Trd, 001681.300, 103
Trd, 001681.350, 117.0
Trd, 001681.388, 96.0
Trd, 001681.475, 138.0
Trd, 001681.538, 149.0
Trd, 001681.550, 81
Trd, 001682.700, 117
Trd, 001685.413, 100.0
Trd, 001685.513, 115
Trd, 001686.888, 101
Trd, 001692.013, 101
Trd, 001702.988, 86
Trd, 001707.075, 86
Trd, 001710.888, 151.0
Trd, 001710.975, 76.0
Trd, 001711.013, 97.0
Trd, 001711.025, 57
Trd, 001711.388, 124
Trd, 001711.563, 116.0
Trd, 001711.613, 132.0
Trd, 001713.113, 117
Trd, 001713.425, 111
Trd, 001714.038, 110
Trd, 001714.813, 109
Trd, 001714.875, 116
Trd, 001725.775, 105
Trd, 001733.950, 101.0
Trd, 001740.975, 107
Trd, 001741.000, 112
Trd, 001741.150, 127.0
Trd, 001741.313, 105
Trd, 001741.463, 101.0
Trd, 001741.538, 139.0
Trd, 001742.125, 118
Trd, 001742.138, 126
Trd, 001742.450, 124
Trd, 001742.488, 127
Trd, 001743.263, 117.0
Trd, 001758.688, 114
Trd, 001767.425, 102
Trd, 001771.000, 137.0
Trd, 001771.213, 120
Trd, 001771.238, 102.0
Trd, 001771.463, 138.0
Trd, 001772.113, 126.0
Trd, 001772.263, 118
Trd, 001772.450, 125
Trd, 001773.000, 117.0
Trd, 001773.525, 100
Trd, 001774.900, 118
Trd, 001775.838, 111
Trd, 001775.913, 110
Trd, 001777.975, 97
Trd, 001801.188, 95
Trd, 001801.213, 98.0
Trd, 001801.413, 137.0
Trd, 001801.475, 96
Trd, 001801.525, 95.0
Trd, 001802.063, 115.0
Trd, 001802.663, 94
Trd, 001803.075, 116
Trd, 001803.163, 96
Trd, 001803.588, 115
Trd, 001803.763, 117
Trd, 001803.825, 126.0
Trd, 001804.713, 130
Trd, 001806.625, 87
Trd, 001811.638, 111
Trd, 001830.225, 86
Trd, 001831.063, 97
Trd, 001831.100, 76.0
Trd, 001831.313, 85
Trd, 001831.375, 98.0
Trd, 001831.588, 97.0
Trd, 001831.650, 89
Trd, 001832.113, 92
Trd, 001832.638, 131.0
Trd, 001832.925, 137.0
Trd, 001833.900, 127.0
Trd, 001837.350, 136.0
Trd, 001838.400, 130
Trd, 001845.550, 116.0
Trd, 001850.213, 102.0
Trd, 001860.963, 138.0
Trd, 001861.450, 99.0
Trd, 001861.500, 86
Trd, 001861.675, 119
Trd, 001861.900, 126.0
Trd, 001862.375, 116.0
Trd, 001862.425, 111
Trd, 001862.513, 130
Trd, 001862.713, 131.0
Trd, 001864.038, 114
Trd, 001870.775, 101
Trd, 001876.850, 100.0
Trd, 001891.088, 149.0
Trd, 001891.138, 103
Trd, 001891.363, 98.0
Trd, 001892.100, 115
Trd, 001892.400, 116
Trd, 001892.725, 111
Trd, 001892.750, 117
Trd, 001892.838, 108
Trd, 001892.875, 108
Trd, 001892.975, 102.0
Trd, 001894.563, 114
Trd, 001898.750, 96.0
Trd, 001921.025, 149.0
Trd, 001921.088, 95
Trd, 001921.200, 123
Trd, 001921.275, 116.0
Trd, 001921.363, 132
Trd, 001922.025, 119
Trd, 001922.488, 126.0
Trd, 001922.788, 111
Trd, 001922.913, 100
Trd, 001923.575, 106
Trd, 001929.638, 114
Trd, 001930.613, 114
Trd, 001934.975, 103
Trd, 001936.713, 100.0
Trd, 001937.150, 105
Trd, 001951.050, 54.0
Trd, 001951.063, 97.0
Trd, 001951.263, 148.0
Trd, 001951.650, 136.0
Trd, 001951.750, 134.0
Trd, 001952.300, 115.0
Trd, 001952.313, 105
Trd, 001952.738, 109
Trd, 001952.750, 102.0
Trd, 001953.550, 125
Trd, 001970.688, 105
Trd, 001972.550, 113
Trd, 001981.063, 56.0
Trd, 001981.300, 132.0
Trd, 001981.750, 108
Trd, 001981.775, 116
Trd, 001981.863, 107
Trd, 001981.888, 126.0
Trd, 001982.413, 132
Trd, 001982.688, 107
Trd, 001984.000, 133
Trd, 001986.663, 115.0
Trd, 001988.850, 114
Trd, 001989.525, 100.0
Trd, 001993.363, 126
Trd, 001996.788, 125
Trd, 002000.838, 98
Trd, 002011.038, 102.0
Trd, 002011.288, 101
Trd, 002011.425, 109
Trd, 002011.500, 123
Trd, 002011.975, 116.0
Trd, 002011.988, 125.0
Trd, 002012.025, 130
Trd, 002012.050, 104
Trd, 002012.325, 105
Trd, 002013.513, 124
Trd, 002014.038, 115
Trd, 002014.388, 106
Trd, 002022.050, 97
Trd, 002028.450, 97.0
Trd, 002029.963, 107
Trd, 002041.150, 147.0
Trd, 002041.513, 103
Trd, 002041.575, 102.0
Trd, 002041.625, 127.0
Trd, 002042.050, 98.0
Trd, 002042.175, 97.0
Trd, 002042.188, 109
Trd, 002042.438, 84.0
Trd, 002043.488, 111
Trd, 002044.663, 107
Trd, 002044.800, 117.0
Trd, 002045.700, 118
Trd, 002047.438, 127
Trd, 002047.775, 115
Trd, 002048.725, 128
Trd, 002061.138, 101
Trd, 002071.125, 146.0
Trd, 002071.138, 136.0
Trd, 002071.400, 100
Trd, 002071.725, 136.0
Trd, 002071.838, 101.0
Trd, 002072.250, 112
Trd, 002072.375, 109
Trd, 002072.500, 117
Trd, 002073.275, 115.0
Trd, 002075.300, 113
Trd, 002078.138, 120
Trd, 002078.475, 109
Trd, 002083.050, 108
Trd, 002095.763, 96.0
Trd, 002101.188, 131.0
Trd, 002101.400, 84
Trd, 002101.613, 96.0
Trd, 002101.638, 97.0
Trd, 002101.688, 102
Trd, 002101.738, 118
Trd, 002102.013, 127.0
Trd, 002102.863, 110
Trd, 002103.150, 108
Trd, 002103.225, 107
Trd, 002103.638, 104
Trd, 002110.588, 116
Trd, 002112.975, 101.0
Trd, 002115.413, 101
Trd, 002117.988, 101
Trd, 002129.950, 102
Trd, 002131.175, 106
Trd, 002131.263, 108
Trd, 002131.288, 102
Trd, 002131.375, 136.0
Trd, 002131.425, 138.0
Trd, 002131.525, 101.0
Trd, 002131.850, 107
Trd, 002131.863, 109
Trd, 002132.150, 111
Trd, 002132.338, 105
Trd, 002133.875, 113
Trd, 002138.200, 116
Trd, 002140.138, 103
Trd, 002161.175, 151.0
Trd, 002161.238, 103
Trd, 002161.513, 100.0
Trd, 002161.688, 122
Trd, 002161.825, 117.0
Trd, 002161.938, 99
Trd, 002162.588, 97.0
Trd, 002162.725, 116
Trd, 002163.388, 115
Trd, 002165.488, 108
Trd, 002165.975, 118
Trd, 002166.700, 124
Trd, 002167.275, 127.0
Trd, 002173.900, 124
Trd, 002179.550, 117
Trd, 002183.200, 95
Trd, 002191.425, 139.0
Trd, 002191.688, 119
Trd, 002191.713, 117.0
Trd, 002192.063, 115
Trd, 002192.175, 100.0
Trd, 002192.313, 126
Trd, 002192.975, 125
Trd, 002193.338, 103
Trd, 002193.663, 95
Trd, 002193.800, 95.0
Trd, 002196.250, 104
Trd, 002196.963, 118
Trd, 002197.963, 107
Trd, 002213.813, 118
Trd, 002218.250, 86
Trd, 002221.225, 84
Trd, 002221.525, 115.0
Trd, 002221.625, 96.0
Trd, 002221.888, 105
Trd, 002221.988, 117
Trd, 002222.013, 108
Trd, 002222.300, 97
Trd, 002222.538, 125.0
Trd, 002222.550, 129
Trd, 002222.938, 117
Trd, 002223.750, 100
Trd, 002233.600, 112
Trd, 002237.863, 107
Trd, 002239.575, 95
Trd, 002251.375, 111
Trd, 002251.475, 85
Trd, 002251.488, 106
Trd, 002251.675, 117.0
Trd, 002251.700, 126.0
Trd, 002251.800, 107
Trd, 002252.125, 97.0
Trd, 002252.575, 98
Trd, 002252.775, 96.0
Trd, 002254.263, 105
Trd, 002255.863, 116
Trd, 002256.950, 102.0
Trd, 002258.400, 103
Trd, 002267.875, 129
Trd, 002273.325, 117
Trd, 002281.300, 114
Trd, 002281.375, 113
Trd, 002281.475, 148.0
Trd, 002281.625, 106
Trd, 002281.925, 114
Trd, 002282.138, 103
Trd, 002282.413, 124
Trd, 002283.175, 118
Trd, 002290.163, 116.0
Trd, 002296.013, 112
Trd, 002297.075, 118
Trd, 002309.888, 100.0
Trd, 002311.375, 103
Trd, 002311.488, 83.0
Trd, 002311.550, 100
Trd, 002311.813, 107
Trd, 002311.888, 108
Trd, 002311.925, 116
Trd, 002311.988, 96.0
Trd, 002312.088, 110
Trd, 002312.125, 92
Trd, 002312.975, 127.0
Trd, 002314.750, 106
Trd, 002315.688, 131.0
Trd, 002319.238, 119
Trd, 002320.538, 101.0
Trd, 002320.650, 116
Trd, 002322.375, 131
Trd, 002336.550, 94
Trd, 002341.538, 101
Trd, 002341.638, 108
Trd, 002341.700, 131
Trd, 002341.713, 101.0
Trd, 002341.750, 95.0
Trd, 002341.800, 84
Trd, 002341.950, 97.0
Trd, 002342.000, 118
Trd, 002342.725, 111
Trd, 002342.813, 133.0
Trd, 002344.425, 116
Trd, 002344.700, 116.0
Trd, 002344.738, 127.0
Trd, 002344.750, 116
Trd, 002344.763, 106
Trd, 002371.550, 103
Trd, 002371.588, 101
Trd, 002371.600, 92
Trd, 002371.825, 110
Trd, 002371.988, 97.0
Trd, 002372.113, 78
Trd, 002372.188, 113
Trd, 002372.413, 102
Trd, 002372.613, 100.0
Trd, 002372.788, 117
Trd, 002373.475, 107
Trd, 002375.550, 108
Trd, 002376.100, 109
Trd, 002377.150, 107
Trd, 002378.388, 84
Trd, 002384.588, 89
Trd, 002401.388, 105
Trd, 002401.463, 146.0
Trd, 002401.475, 75.0
Trd, 002401.700, 102.0
Trd, 002402.050, 107
Trd, 002402.488, 109
Trd, 002402.900, 109
Trd, 002403.075, 110
Trd, 002403.313, 117
Trd, 002403.800, 117
Trd, 002406.938, 106
Trd, 002408.400, 104
Trd, 002408.813, 110
Trd, 002409.188, 97.0
Trd, 002431.350, 131.0
Trd, 002431.525, 134.0
Trd, 002431.575, 111
Trd, 002431.750, 116
Trd, 002431.862, 102
Trd, 002432.362, 115
Trd, 002432.425, 122
Trd, 002432.812, 125.0
Trd, 002433.937, 129
Trd, 002435.100, 120
Trd, 002435.187, 102
Trd, 002436.350, 101.0
Trd, 002436.512, 96.0
Trd, 002444.537, 114
Trd, 002461.475, 71.0
Trd, 002461.612, 140.0
Trd, 002461.625, 122
Trd, 002461.662, 102.0
Trd, 002461.875, 97.0
Trd, 002461.912, 96.0
Trd, 002462.025, 113
Trd, 002462.037, 120
Trd, 002462.362, 127.0
Trd, 002462.687, 116
Trd, 002463.912, 115.0
Trd, 002473.700, 110
Trd, 002491.475, 74.0
Trd, 002491.712, 95
Trd, 002491.862, 76.0
Trd, 002491.975, 113
Trd, 002492.587, 107
Trd, 002492.850, 125.0
Trd, 002493.187, 99.0
Trd, 002494.225, 130
Trd, 002494.387, 131.0
Trd, 002494.725, 97
Trd, 002496.512, 117.0
Trd, 002498.975, 121
Trd, 002499.087, 111
Trd, 002500.925, 96.0
Trd, 002516.775, 97
Trd, 002521.812, 104
Trd, 002521.837, 115
Trd, 002522.187, 101.0
Trd, 002522.637, 113
Trd, 002522.687, 114
Trd, 002522.787, 107
Trd, 002523.975, 117
Trd, 002524.275, 105
Trd, 002525.250, 127.0
Trd, 002525.637, 126
Trd, 002526.350, 120
Trd, 002526.712, 97
Trd, 002551.537, 151.0
Trd, 002551.762, 133.0
Trd, 002551.987, 115.0
Trd, 002552.200, 124
Trd, 002552.487, 100.0
Trd, 002552.750, 125
Trd, 002552.812, 97
Trd, 002554.400, 108
Trd, 002554.612, 122
Trd, 002555.987, 123
Trd, 002562.075, 112
Trd, 002566.600, 110
Trd, 002572.837, 115
Trd, 002581.512, 137.0
Trd, 002581.587, 117
Trd, 002581.762, 116
Trd, 002581.837, 118
Trd, 002581.987, 109
Trd, 002582.025, 113
Trd, 002582.087, 100.0
Trd, 002582.187, 87
Trd, 002582.637, 113
Trd, 002582.675, 127.0
Trd, 002583.000, 96.0
Trd, 002583.200, 93
Trd, 002584.012, 121
Trd, 002587.112, 97
Trd, 002595.987, 111
Trd, 002604.487, 117
Trd, 002606.712, 87
Trd, 002611.737, 103
Trd, 002611.850, 125.0
Trd, 002612.062, 101.0
Trd, 002612.125, 113
Trd, 002612.425, 109
Trd, 002612.562, 101
Trd, 002612.600, 96.0
Trd, 002612.737, 111
Trd, 002613.037, 99
Trd, 002613.262, 117
Trd, 002614.212, 95
Trd, 002616.987, 123
Trd, 002620.387, 120
Trd, 002626.637, 89
Trd, 002641.537, 150.0
Trd, 002641.712, 76.0
Trd, 002641.800, 138.0
Trd, 002641.900, 107
Trd, 002642.087, 88
Trd, 002642.550, 121
Trd, 002642.625, 116.0
Trd, 002643.300, 112
Trd, 002643.750, 120
Trd, 002644.112, 111
Trd, 002644.912, 119
Trd, 002647.225, 121
Trd, 002650.512, 102.0
Trd, 002660.675, 97
Trd, 002671.625, 149.0
Trd, 002671.787, 106
Trd, 002671.887, 138.0
Trd, 002672.012, 117.0
Trd, 002672.150, 102
Trd, 002672.725, 105
Trd, 002672.862, 124
Trd, 002673.012, 126.0
Trd, 002673.837, 106
Trd, 002673.925, 120
Trd, 002674.162, 122
Trd, 002700.900, 101.0
Trd, 002701.612, 61.0
Trd, 002701.675, 127.0
Trd, 002701.762, 148.0
Trd, 002701.950, 150.0
Trd, 002702.037, 78
Trd, 002702.612, 135.0
Trd, 002703.787, 125
Trd, 002704.525, 117
Trd, 002712.937, 115.0
Trd, 002715.937, 111
Trd, 002718.825, 100.0
Trd, 002727.450, 127
Trd, 002731.650, 55.0
Trd, 002731.812, 61.0
Trd, 002732.012, 75.0
Trd, 002732.112, 104
Trd, 002732.250, 119
Trd, 002732.400, 103
Trd, 002732.550, 101.0
Trd, 002732.812, 99.0
Trd, 002733.012, 106
Trd, 002734.762, 100
Trd, 002738.075, 125.0
Trd, 002739.612, 115
Trd, 002750.925, 111
Trd, 002755.287, 105
Trd, 002755.837, 97
Trd, 002761.675, 61.0
Trd, 002761.825, 105
Trd, 002762.050, 116.0
Trd, 002762.087, 131.0
Trd, 002762.400, 110
Trd, 002762.575, 101.0
Trd, 002762.737, 90
Trd, 002762.937, 127.0
Trd, 002763.075, 128
Trd, 002763.787, 128
Trd, 002768.887, 125
Trd, 002770.137, 118
Trd, 002781.525, 120
Trd, 002791.725, 58
Trd, 002791.812, 115
Trd, 002792.037, 120
Trd, 002792.350, 113
Trd, 002792.500, 108
Trd, 002792.512, 122
Trd, 002792.625, 104
Trd, 002792.650, 118
Trd, 002793.962, 104
Trd, 002794.025, 102.0
Trd, 002799.187, 127.0
Trd, 002806.137, 108
Trd, 002807.987, 97
Trd, 002808.912, 110
Trd, 002821.800, 137.0
Trd, 002821.950, 121
Trd, 002822.137, 120
Trd, 002822.312, 104
Trd, 002822.350, 121
Trd, 002822.412, 102
Trd, 002823.212, 102.0
Trd, 002823.237, 102
Trd, 002823.462, 122
Trd, 002824.475, 131
Trd, 002824.662, 115.0
Trd, 002829.012, 96
Trd, 002830.537, 100
Trd, 002830.775, 95.0
Trd, 002835.600, 93
Trd, 002844.950, 126.0
Trd, 002851.862, 138.0
Trd, 002851.875, 133.0
Trd, 002851.900, 116.0
Trd, 002852.412, 91
Trd, 002852.487, 97
Trd, 002852.575, 110
Trd, 002853.000, 116
Trd, 002853.112, 98
Trd, 002853.437, 102.0
Trd, 002853.612, 95.0
Trd, 002854.250, 116
Trd, 002858.187, 108
Trd, 002859.962, 114
Trd, 002881.887, 116.0
Trd, 002882.175, 134.0
Trd, 002882.225, 124
Trd, 002882.237, 101.0
Trd, 002882.412, 93
Trd, 002882.512, 85
Trd, 002882.812, 97.0
Trd, 002883.062, 99
Trd, 002883.850, 115
Trd, 002884.000, 96.0
Trd, 002884.212, 127.0
Trd, 002888.225, 114
Trd, 002890.737, 113
Trd, 002893.562, 118
Trd, 002911.787, 106
Trd, 002911.825, 146.0
Trd, 002911.837, 100.0
Trd, 002912.175, 136.0
Trd, 002912.300, 133.0
Trd, 002912.437, 130
Trd, 002913.000, 105
Trd, 002913.662, 103
Trd, 002914.350, 125.0
Trd, 002915.562, 108
Trd, 002919.725, 96
Trd, 002924.537, 108
Trd, 002926.062, 96.0
Trd, 002928.250, 103
Trd, 002941.825, 140.0
Trd, 002941.900, 117
Trd, 002942.050, 136.0
Trd, 002942.200, 93
Trd, 002942.212, 127
Trd, 002942.262, 86
Trd, 002942.425, 84.0
Trd, 002942.700, 101.0
Trd, 002942.750, 112
Trd, 002943.175, 98
Trd, 002943.775, 126.0
Trd, 002944.562, 107
Trd, 002947.712, 103
Trd, 002958.587, 97
Trd, 002959.800, 96.0
Trd, 002965.787, 118
Trd, 002971.900, 113
Trd, 002971.975, 128
Trd, 002972.125, 113
Trd, 002972.225, 108
Trd, 002972.250, 97.0
Trd, 002972.537, 112
Trd, 002972.600, 121
Trd, 002972.625, 101
Trd, 002972.637, 124
Trd, 002973.350, 133.0
Trd, 002973.887, 100.0
Trd, 002974.987, 122
Trd, 002975.625, 94
Trd, 002998.375, 118
Trd, 003001.900, 135.0
Trd, 003002.250, 119
Trd, 003002.262, 127.0
Trd, 003002.512, 116.0
Trd, 003002.775, 108
Trd, 003003.125, 109
Trd, 003003.175, 104
Trd, 003004.100, 105
Trd, 003004.225, 118
Trd, 003007.250, 102.0
Trd, 003007.312, 118
Trd, 003008.862, 101
Trd, 003013.800, 96.0
Trd, 003019.812, 97
Trd, 003032.012, 104
Trd, 003032.150, 116
Trd, 003032.200, 134.0
Trd, 003032.312, 100.0
Trd, 003032.325, 112
Trd, 003032.450, 100
Trd, 003032.987, 115.0
Trd, 003033.037, 125.0
Trd, 003033.162, 97
Trd, 003035.637, 114
Trd, 003036.850, 105
Trd, 003037.412, 115
Trd, 003038.087, 100
Trd, 003040.537, 95.0
Trd, 003052.037, 128
Trd, 003061.962, 118
Trd, 003062.237, 119
Trd, 003062.387, 125.0
Trd, 003062.550, 116
Trd, 003062.600, 115.0
Trd, 003062.712, 117
Trd, 003063.612, 110
Trd, 003064.250, 96.0
Trd, 003064.525, 93
Trd, 003064.750, 119
Trd, 003066.225, 119
Trd, 003074.337, 114
Trd, 003077.337, 101.0
Trd, 003091.925, 56.0
Trd, 003092.200, 95
Trd, 003092.350, 125.0
Trd, 003092.512, 139.0
Trd, 003093.175, 115.0
Trd, 003093.287, 133.0
Trd, 003093.400, 110
Trd, 003093.537, 137.0
Trd, 003093.700, 134.0
Trd, 003097.137, 128
Trd, 003101.712, 127
Trd, 003105.487, 100.0
Trd, 003112.987, 102
Trd, 003122.050, 59
Trd, 003122.112, 76.0
Trd, 003122.150, 60.0
Trd, 003122.312, 100
Trd, 003122.650, 119
Trd, 003122.937, 133.0
Trd, 003123.387, 106
Trd, 003124.512, 125.0
Trd, 003124.875, 118
Trd, 003126.287, 116.0
Trd, 003132.187, 136
Trd, 003137.600, 117
Trd, 003146.225, 106
Trd, 003152.162, 70
Trd, 003152.350, 92
Trd, 003152.525, 105
Trd, 003152.687, 125.0
Trd, 003152.750, 140.0
Trd, 003152.937, 97.0
Trd, 003153.087, 91
Trd, 003153.187, 102.0
Trd, 003154.887, 97
Trd, 003155.112, 116
Trd, 003155.862, 107
Trd, 003155.887, 116
Trd, 003162.937, 115
Trd, 003167.612, 95
Trd, 003169.662, 89
Trd, 003171.325, 114
Trd, 003182.325, 98.0
Trd, 003182.475, 102
Trd, 003182.575, 101.0
Trd, 003182.637, 96
Trd, 003182.725, 124
Trd, 003182.800, 91
Trd, 003182.975, 110
Trd, 003183.062, 91
Trd, 003183.187, 106
Trd, 003183.575, 126.0
Trd, 003183.787, 132.0
Trd, 003185.762, 110
Trd, 003189.887, 117
Trd, 003201.637, 110
Trd, 003206.425, 117
Trd, 003206.525, 109
Trd, 003212.325, 116
Trd, 003212.362, 92
Trd, 003212.412, 127.0
Trd, 003212.587, 113
Trd, 003212.800, 117
Trd, 003212.812, 120
Trd, 003213.087, 115.0
Trd, 003213.762, 104
Trd, 003213.850, 100.0
Trd, 003215.575, 96
Trd, 003215.875, 97.0
Trd, 003228.850, 118
Trd, 003230.950, 126
Trd, 003233.437, 108
Trd, 003237.000, 96.0
Trd, 003242.187, 150.0
Trd, 003242.275, 146.0
Trd, 003242.312, 117.0
Trd, 003242.462, 96.0
Trd, 003242.800, 87
Trd, 003242.950, 92
Trd, 003243.750, 115
Trd, 003243.825, 118
Trd, 003244.250, 106
Trd, 003245.125, 114
Trd, 003245.587, 112
Trd, 003245.875, 107
Trd, 003246.850, 118
Trd, 003248.300, 102.0
Trd, 003272.175, 98
Trd, 003272.237, 100
Trd, 003272.337, 97.0
Trd, 003272.412, 91
Trd, 003272.462, 91
Trd, 003272.537, 127.0
Trd, 003272.787, 98.0
Trd, 003273.112, 136.0
Trd, 003273.262, 135.0
Trd, 003275.150, 138.0
Trd, 003275.525, 102.0
Trd, 003277.775, 119
Trd, 003278.862, 131
Trd, 003283.800, 87
Trd, 003289.012, 123
Trd, 003302.187, 115
Trd, 003302.312, 103
Trd, 003302.525, 106
Trd, 003303.112, 116
Trd, 003303.212, 109
Trd, 003303.425, 109
Trd, 003303.512, 116
Trd, 003303.950, 126.0
Trd, 003304.112, 132.0
Trd, 003304.912, 105
Trd, 003309.075, 116
Trd, 003310.925, 102.0
Trd, 003314.600, 99
Trd, 003315.062, 97.0
Trd, 003316.362, 97
Trd, 003320.325, 91
Trd, 003332.312, 107
Trd, 003332.350, 108
Trd, 003332.450, 138.0
Trd, 003332.587, 133.0
Trd, 003332.725, 121
Trd, 003332.987, 119
Trd, 003333.087, 123
Trd, 003333.187, 123
Trd, 003333.525, 117
Trd, 003333.687, 95.0
Trd, 003334.250, 98.0
Trd, 003339.712, 115.0
Trd, 003343.125, 114
Trd, 003351.037, 123
Trd, 003362.287, 56.0
Trd, 003362.425, 103
Trd, 003362.600, 146.0
Trd, 003362.687, 151.0
Trd, 003362.875, 116
Trd, 003363.200, 109
Trd, 003363.250, 106
Trd, 003363.862, 127.0
Trd, 003364.300, 131.0
Trd, 003364.875, 106
Trd, 003367.475, 110
Trd, 003374.287, 134
Trd, 003375.050, 100.0
Trd, 003377.212, 98
Trd, 003392.212, 135.0
Trd, 003392.312, 97
Trd, 003392.387, 76.0
Trd, 003392.425, 137.0
Trd, 003392.600, 119
Trd, 003392.875, 125.0
Trd, 003392.887, 136
Trd, 003393.100, 118
Trd, 003393.437, 109
Trd, 003394.187, 115.0
Trd, 003394.875, 114
Trd, 003397.875, 102.0
Trd, 003398.725, 108
Trd, 003398.887, 116
Trd, 003401.225, 97.0
Trd, 003418.187, 101
Trd, 003419.800, 85
Trd, 003422.225, 88
Trd, 003422.262, 99.0
Trd, 003422.562, 135.0
Trd, 003422.662, 100
Trd, 003422.862, 112
Trd, 003422.937, 107
Trd, 003422.950, 99
Trd, 003424.225, 132.0
Trd, 003429.912, 122
Trd, 003432.325, 115.0
Trd, 003432.625, 118
Trd, 003436.650, 109
Trd, 003443.375, 121
Trd, 003452.325, 76.0
Trd, 003452.375, 58
Trd, 003452.400, 58.0
Trd, 003452.575, 138.0
Trd, 003452.937, 82.0
Trd, 003453.162, 125.0
Trd, 003453.775, 117.0
Trd, 003454.550, 110
Trd, 003455.375, 132.0
Trd, 003455.512, 109
Trd, 003457.925, 110
Trd, 003463.112, 105
Trd, 003463.450, 118
Trd, 003470.637, 114
Trd, 003482.325, 113
Trd, 003482.612, 150.0
Trd, 003482.750, 146.0
Trd, 003482.775, 135
Trd, 003483.062, 114
Trd, 003483.325, 133.0
Trd, 003483.450, 132.0
Trd, 003483.812, 105
Trd, 003484.162, 102.0
Trd, 003485.575, 100
Trd, 003485.987, 97
Trd, 003487.450, 115.0
Trd, 003489.425, 97.0
Trd, 003490.150, 90
Trd, 003492.550, 104
Trd, 003509.425, 99
Trd, 003512.387, 146.0
Trd, 003512.512, 139
Trd, 003512.575, 134.0
Trd, 003512.862, 104
Trd, 003512.887, 135
Trd, 003512.950, 136.0
Trd, 003512.975, 89
Trd, 003513.400, 117.0
Trd, 003514.000, 98.0
Trd, 003517.262, 98
Trd, 003518.212, 96.0
Trd, 003521.400, 101
Trd, 003523.375, 99
Trd, 003542.325, 99
Trd, 003542.400, 147.0
Trd, 003542.550, 111
Trd, 003542.600, 122
Trd, 003542.650, 114
Trd, 003542.725, 102
Trd, 003542.937, 128
Trd, 003543.000, 101.0
Trd, 003543.100, 96
Trd, 003543.762, 113
Trd, 003544.300, 96.0
Trd, 003544.312, 116
Trd, 003545.900, 126.0
Trd, 003547.212, 98
Trd, 003549.237, 93
Trd, 003552.987, 100
Trd, 003572.362, 101
Trd, 003572.525, 134
Trd, 003572.600, 96.0
Trd, 003572.862, 97.0
Trd, 003573.200, 127.0
Trd, 003573.462, 131.0
Trd, 003573.975, 133.0
Trd, 003574.037, 122
Trd, 003574.187, 119
Trd, 003579.537, 108
Trd, 003580.975, 103
Trd, 003587.287, 109
Trd, 003591.600, 100.0
Trd, 003593.812, 97
Trd, 003602.450, 140
Trd, 003602.550, 133.0
Trd, 003602.575, 119
Trd, 003603.125, 129
Trd, 003603.287, 117
Trd, 003603.387, 117.0
Trd, 003603.550, 137.0
Trd, 003604.012, 116
Trd, 003604.225, 109
Trd, 003609.537, 118
Trd, 003613.987, 102.0
Trd, 003622.000, 97.0
Trd, 003632.412, 70
Trd, 003632.500, 151.0
Trd, 003632.550, 63
Trd, 003632.787, 74.0
Trd, 003632.875, 66
Trd, 003633.025, 98
Trd, 003633.075, 96.0
Trd, 003633.287, 90
Trd, 003633.500, 100
Trd, 003633.975, 118
Trd, 003634.037, 132.0
Trd, 003634.537, 131
Trd, 003634.737, 117.0
Trd, 003636.250, 116
Trd, 003638.275, 133
Trd, 003646.662, 117
Trd, 003660.500, 99
Trd, 003662.512, 56
Trd, 003662.575, 74.0
Trd, 003662.637, 89
Trd, 003662.987, 78
Trd, 003663.162, 92
Trd, 003663.225, 100.0
Trd, 003663.237, 77
Trd, 003663.312, 101
Trd, 003664.200, 115
Trd, 003664.662, 120
Trd, 003665.650, 119
Trd, 003666.137, 117
Trd, 003666.975, 125.0
Trd, 003672.137, 95.0
Trd, 003673.100, 107
Trd, 003674.087, 121
Trd, 003692.550, 137.0
Trd, 003692.562, 122
Trd, 003692.800, 111
Trd, 003692.950, 99
Trd, 003692.987, 116
Trd, 003693.162, 105
Trd, 003693.237, 97.0
Trd, 003693.262, 120
Trd, 003694.350, 115.0
Trd, 003695.087, 116
Trd, 003696.387, 110
Trd, 003700.200, 113
Trd, 003707.012, 101.0
Trd, 003710.762, 103
Trd, 003712.812, 96
Trd, 003722.462, 106
Trd, 003722.475, 94
Trd, 003722.712, 103
Trd, 003723.037, 116.0
Trd, 003723.112, 107
Trd, 003723.162, 106
Trd, 003723.375, 127.0
Trd, 003724.000, 106
Trd, 003724.125, 117
Trd, 003724.937, 107
Trd, 003728.787, 121
Trd, 003734.000, 127
Trd, 003742.762, 101.0
Trd, 003750.387, 108
Trd, 003752.087, 95.0
Trd, 003752.537, 103
Trd, 003752.650, 133.0
Trd, 003752.687, 117.0
Trd, 003752.950, 101
Trd, 003753.000, 108
Trd, 003753.162, 110
Trd, 003753.300, 104
Trd, 003753.587, 114
Trd, 003753.675, 113
Trd, 003755.762, 113
Trd, 003761.025, 115
Trd, 003766.962, 100.0
Trd, 003768.987, 96.0
Trd, 003782.600, 109
Trd, 003782.862, 100.0
Trd, 003783.275, 96.0
Trd, 003783.575, 108
Trd, 003783.662, 112
Trd, 003783.887, 92
Trd, 003784.112, 113
Trd, 003784.162, 115
Trd, 003784.425, 93
Trd, 003785.800, 111
Trd, 003786.475, 125
Trd, 003793.562, 117
Trd, 003793.662, 125.0
Trd, 003793.825, 117
Trd, 003810.537, 87
Trd, 003812.587, 104
Trd, 003812.637, 101
Trd, 003812.700, 86
Trd, 003813.037, 127.0
Trd, 003813.125, 140.0
Trd, 003813.700, 134.0
Trd, 003813.750, 115.0
Trd, 003813.900, 116
Trd, 003814.962, 120
Trd, 003815.850, 104
Trd, 003818.287, 117
Trd, 003825.887, 119
Trd, 003837.850, 101.0
Trd, 003838.550, 95.0
Trd, 003842.662, 100
Trd, 003842.700, 99
Trd, 003843.187, 90
Trd, 003843.312, 80
Trd, 003843.350, 97.0
Trd, 003843.387, 106
Trd, 003844.050, 100
Trd, 003844.450, 95
Trd, 003844.512, 103
Trd, 003844.812, 115
Trd, 003845.412, 127.0
Trd, 003846.000, 129
Trd, 003847.400, 133.0
Trd, 003848.325, 98
Trd, 003856.950, 120
Trd, 003872.700, 95.0
Trd, 003872.762, 108
Trd, 003872.962, 135.0
Trd, 003873.025, 105
Trd, 003873.362, 116.0
Trd, 003873.375, 127.0
Trd, 003874.000, 101.0
Trd, 003874.100, 122
Trd, 003874.212, 97.0
Trd, 003874.800, 133.0
Trd, 003874.987, 121
Trd, 003876.037, 101
Trd, 003881.200, 119
Trd, 003882.275, 95
Trd, 003895.437, 84
Trd, 003902.587, 146.0
Trd, 003902.725, 99
Trd, 003902.862, 88
Trd, 003903.062, 60.0
Trd, 003903.112, 62
Trd, 003903.487, 102
Trd, 003903.712, 97
Trd, 003904.050, 102.0
Trd, 003904.312, 115
Trd, 003904.925, 126.0
Trd, 003905.562, 102
Trd, 003905.875, 127
Trd, 003909.275, 111
Trd, 003927.975, 97.0
Trd, 003932.712, 150.0
Trd, 003932.725, 108
Trd, 003933.087, 135.0
Trd, 003933.175, 107
Trd, 003933.487, 116
Trd, 003933.550, 117
Trd, 003933.937, 128
Trd, 003934.612, 115.0
Trd, 003934.700, 104
Trd, 003935.412, 101.0
Trd, 003935.700, 96.0
Trd, 003939.362, 103
Trd, 003942.275, 106
Trd, 003948.012, 96
Trd, 003949.412, 96
Trd, 003962.812, 62
Trd, 003962.825, 109
Trd, 003963.000, 138.0
Trd, 003963.087, 115.0
Trd, 003963.112, 138.0
Trd, 003963.287, 114
Trd, 003964.062, 107
Trd, 003964.200, 105
Trd, 003964.600, 117
Trd, 003964.887, 101.0
Trd, 003966.137, 116
Trd, 003966.200, 116
Trd, 003967.587, 101
Trd, 003971.662, 124
Trd, 003978.775, 96
Trd, 003979.887, 95.0
Trd, 003992.662, 58.0
Trd, 003992.825, 96.0
Trd, 003993.200, 99.0
Trd, 003993.687, 101.0
Trd, 003993.762, 100
Trd, 003993.800, 103
Trd, 003993.837, 107
Trd, 003994.337, 115
Trd, 003994.562, 127.0
Trd, 003995.050, 102
Trd, 003996.150, 102
Trd, 004003.250, 104
Trd, 004008.175, 96
Trd, 004022.675, 79
Trd, 004022.875, 131
Trd, 004023.037, 148.0
Trd, 004023.050, 137.0
Trd, 004023.125, 117.0
Trd, 004023.312, 101.0
Trd, 004023.400, 95
Trd, 004023.462, 131.0
Trd, 004024.700, 98
Trd, 004028.000, 106
Trd, 004028.787, 107
Trd, 004030.287, 109
Trd, 004037.587, 108
Trd, 004052.750, 76.0
Trd, 004052.787, 76.0
Trd, 004053.062, 125.0
Trd, 004053.212, 116
Trd, 004053.350, 116.0
Trd, 004053.762, 114
Trd, 004054.000, 112
Trd, 004054.125, 111
Trd, 004054.287, 125
Trd, 004054.700, 116
Trd, 004055.100, 119
Trd, 004056.962, 129
Trd, 004058.387, 101.0
Trd, 004079.387, 97.0
Trd, 004082.750, 111
Trd, 004082.912, 58
Trd, 004083.037, 75.0
Trd, 004083.050, 137.0
Trd, 004083.825, 137.0
Trd, 004083.962, 134.0
Trd, 004084.825, 127
Trd, 004085.125, 127
Trd, 004085.337, 117
Trd, 004090.250, 117.0
Trd, 004091.987, 116
Trd, 004105.675, 110
Trd, 004107.912, 100.0
Trd, 004108.625, 96.0
Trd, 004112.887, 96
Trd, 004112.912, 129
Trd, 004112.975, 69.0
Trd, 004112.987, 68
Trd, 004113.062, 137.0
Trd, 004113.100, 74.0
Trd, 004113.275, 125.0
Trd, 004114.100, 130
Trd, 004114.487, 119
Trd, 004114.625, 118
Trd, 004115.387, 131.0
Trd, 004123.300, 117.0
Trd, 004123.512, 117
Trd, 004128.862, 111
Trd, 004129.875, 100.0
Trd, 004139.500, 122
Trd, 004140.037, 95.0
Trd, 004142.837, 101.0
Trd, 004142.850, 136.0
Trd, 004142.912, 83.0
Trd, 004142.962, 93
Trd, 004143.037, 98.0
Trd, 004143.075, 74
Trd, 004143.512, 107
Trd, 004143.762, 100
Trd, 004143.775, 98
Trd, 004143.862, 109
Trd, 004144.575, 116
Trd, 004146.512, 109
Trd, 004146.637, 113
Trd, 004152.037, 105
Trd, 004154.800, 108
Trd, 004167.325, 107
Trd, 004173.000, 149.0
Trd, 004173.225, 116.0
Trd, 004173.587, 114
Trd, 004173.900, 105
Trd, 004173.950, 103
Trd, 004174.275, 117
Trd, 004174.325, 121
Trd, 004174.900, 102.0
Trd, 004176.275, 116
Trd, 004176.925, 112
Trd, 004179.737, 113
Trd, 004182.537, 111
Trd, 004202.825, 146.0
Trd, 004203.000, 85
Trd, 004203.375, 100.0
Trd, 004203.675, 116
Trd, 004203.775, 126.0
Trd, 004203.850, 132.0
Trd, 004203.975, 109
Trd, 004204.800, 119
Trd, 004205.462, 119
Trd, 004205.912, 110
Trd, 004206.150, 106
Trd, 004207.125, 109
Trd, 004212.300, 97
Trd, 004218.325, 95.0
Trd, 004219.525, 103
Trd, 004229.212, 99
Trd, 004233.025, 146.0
Trd, 004233.137, 99
Trd, 004233.437, 116.0
Trd, 004233.475, 100.0
Trd, 004233.850, 109
Trd, 004234.025, 115
Trd, 004235.037, 130
Trd, 004235.450, 117
Trd, 004236.500, 110
Trd, 004236.637, 101
Trd, 004237.437, 119
Trd, 004238.175, 119
Trd, 004247.550, 98
Trd, 004262.937, 97.0
Trd, 004262.950, 130
Trd, 004263.275, 110
Trd, 004263.312, 104
Trd, 004263.400, 114
Trd, 004263.525, 103
Trd, 004263.600, 96
Trd, 004263.800, 116
Trd, 004264.050, 118
Trd, 004264.112, 121
Trd, 004264.725, 117
Trd, 004264.787, 125.0
Trd, 004265.900, 108
Trd, 004291.137, 106
Trd, 004293.000, 83.0
Trd, 004293.075, 101
Trd, 004293.125, 136.0
Trd, 004293.262, 146.0
Trd, 004293.362, 127.0
Trd, 004293.775, 115.0
Trd, 004294.012, 107
Trd, 004294.175, 125
Trd, 004295.287, 108
Trd, 004298.137, 107
Trd, 004303.112, 118
Trd, 004306.337, 100.0
Trd, 004310.962, 116
Trd, 004322.975, 57.0
Trd, 004323.225, 87
Trd, 004323.262, 126.0
Trd, 004323.487, 100.0
Trd, 004323.587, 94
Trd, 004323.937, 97
Trd, 004324.062, 108
Trd, 004324.225, 117
Trd, 004324.737, 111
Trd, 004325.325, 112
Trd, 004326.412, 116
Trd, 004328.400, 115.0
Trd, 004330.812, 114
Trd, 004342.562, 102
Trd, 004346.462, 106
Trd, 004353.162, 149.0
Trd, 004353.250, 136.0
Trd, 004353.487, 97.0
Trd, 004353.500, 126.0
Trd, 004353.550, 90
Trd, 004353.675, 129
Trd, 004353.900, 116.0
Trd, 004354.825, 114
Trd, 004355.062, 109
Trd, 004355.800, 119
Trd, 004364.925, 114
Trd, 004367.812, 119
Trd, 004379.525, 102.0
Trd, 004383.062, 146.0
Trd, 004383.275, 102
Trd, 004383.425, 103
Trd, 004383.525, 88
Trd, 004383.712, 113
Trd, 004384.250, 104
Trd, 004384.500, 101.0
Trd, 004384.650, 113
Trd, 004384.775, 114
Trd, 004385.187, 117.0
Trd, 004385.337, 125.0
Trd, 004385.550, 117
Trd, 004387.175, 99.0
Trd, 004396.037, 97.0
Trd, 004397.850, 92
Trd, 004413.050, 138.0
Trd, 004413.125, 133.0
Trd, 004413.175, 115
Trd, 004413.262, 107
Trd, 004413.412, 113
Trd, 004413.887, 115.0
Trd, 004413.925, 117
Trd, 004414.850, 117
Trd, 004414.975, 111
Trd, 004415.575, 100.0
Trd, 004416.112, 118
Trd, 004424.312, 126.0
Trd, 004424.637, 98
Trd, 004438.562, 97.0
Trd, 004439.625, 91
Trd, 004443.200, 117
Trd, 004443.250, 100
Trd, 004443.575, 103
Trd, 004443.912, 103
Trd, 004443.937, 114
Trd, 004443.962, 114
Trd, 004444.175, 102.0
Trd, 004444.700, 113
Trd, 004444.837, 100
Trd, 004445.987, 126.0
Trd, 004447.375, 115.0
Trd, 004448.125, 130
Trd, 004449.850, 111
Trd, 004454.150, 97
Trd, 004473.100, 65
Trd, 004473.237, 117
Trd, 004473.262, 100.0
Trd, 004473.525, 99
Trd, 004473.612, 111
Trd, 004473.650, 113
Trd, 004474.362, 127.0
Trd, 004474.687, 100
Trd, 004474.737, 99
Trd, 004475.487, 100
Trd, 004477.150, 107
Trd, 004480.925, 119
Trd, 004483.600, 116
Trd, 004486.787, 95.0
Trd, 004493.237, 96
Trd, 004503.137, 87
Trd, 004503.237, 115
Trd, 004503.400, 84
Trd, 004503.937, 98.0
Trd, 004504.012, 100
Trd, 004504.075, 87
Trd, 004504.162, 107
Trd, 004504.500, 105
Trd, 004504.650, 103
Trd, 004505.950, 126.0
Trd, 004506.625, 110
Trd, 004507.887, 131
Trd, 004515.850, 108
Trd, 004523.375, 126
Trd, 004529.287, 101.0
Trd, 004531.562, 95.0
Trd, 004533.150, 151.0
Trd, 004533.437, 122
Trd, 004533.512, 126.0
Trd, 004533.900, 131
Trd, 004533.925, 115.0
Trd, 004534.062, 111
Trd, 004534.200, 102.0
Trd, 004534.237, 94
Trd, 004534.575, 115
Trd, 004536.737, 111
Trd, 004541.900, 115
Trd, 004545.287, 108
Trd, 004563.337, 133.0
Trd, 004563.362, 108
Trd, 004563.462, 133
Trd, 004563.500, 108
Trd, 004564.262, 101.0
Trd, 004564.562, 115
Trd, 004564.650, 115
Trd, 004564.700, 103
Trd, 004565.112, 115
Trd, 004565.400, 101
Trd, 004568.987, 113
Trd, 004575.525, 111
Trd, 004581.525, 96
Trd, 004582.187, 125.0
Trd, 004593.225, 55.0
Trd, 004593.575, 98.0
Trd, 004593.700, 85
Trd, 004593.925, 87
Trd, 004594.075, 127.0
Trd, 004594.262, 132.0
Trd, 004594.662, 117
Trd, 004595.500, 110
Trd, 004595.950, 110
Trd, 004596.850, 118
Trd, 004598.062, 105
Trd, 004603.450, 97.0
Trd, 004607.225, 96
Trd, 004610.725, 101
Trd, 004618.237, 117
Trd, 004623.200, 56
Trd, 004623.250, 84
Trd, 004623.662, 99.0
Trd, 004623.875, 104
Trd, 004624.012, 98
Trd, 004624.412, 107
Trd, 004624.562, 126.0
Trd, 004624.750, 102.0
Trd, 004624.912, 130
Trd, 004624.937, 111
Trd, 004625.425, 132.0
Trd, 004626.762, 112
Trd, 004629.150, 122
Trd, 004629.587, 106
Trd, 004630.062, 103
Trd, 004636.737, 97
Trd, 004638.550, 95.0
Trd, 004653.200, 60.0
Trd, 004653.337, 151.0
Trd, 004653.375, 95.0
Trd, 004653.437, 125.0
Trd, 004653.637, 135.0
Trd, 004653.762, 115.0
Trd, 004653.912, 97.0
Trd, 004654.512, 133
Trd, 004659.425, 126
Trd, 004662.187, 115
Trd, 004664.500, 122
Trd, 004664.662, 109
Trd, 004669.562, 113
Trd, 004671.400, 100
Trd, 004683.250, 59.0
Trd, 004683.300, 147.0
Trd, 004683.400, 95.0
Trd, 004683.537, 135.0
Trd, 004683.775, 137
Trd, 004683.937, 137.0
Trd, 004683.987, 149.0
Trd, 004684.050, 116.0
Trd, 004684.612, 120
Trd, 004685.225, 124
Trd, 004693.975, 114
Trd, 004698.250, 110
Trd, 004713.325, 97.0
Trd, 004713.525, 137.0
Trd, 004714.237, 135.0
Trd, 004714.275, 124
Trd, 004714.437, 115
Trd, 004714.875, 113
Trd, 004715.925, 124
Trd, 004716.012, 116.0
Trd, 004716.125, 126.0
Trd, 004725.075, 110
Trd, 004726.025, 128
Trd, 004743.450, 149.0
Trd, 004743.575, 138.0
Trd, 004744.300, 117.0
Trd, 004744.425, 122
Trd, 004744.512, 117
Trd, 004744.562, 109
Trd, 004745.087, 112
Trd, 004745.237, 102.0
Trd, 004745.737, 127.0
Trd, 004746.537, 125
Trd, 004747.462, 96.0
Trd, 004747.950, 110
Trd, 004751.250, 98
Trd, 004753.462, 120
Trd, 004757.950, 95
Trd, 004773.337, 110
Trd, 004773.387, 133.0
Trd, 004773.525, 82.0
Trd, 004773.612, 98.0
Trd, 004773.662, 73
Trd, 004773.812, 69.0
Trd, 004773.912, 98
Trd, 004774.612, 97.0
Trd, 004774.700, 104
Trd, 004775.262, 117.0
Trd, 004775.525, 118
Trd, 004780.575, 118
Trd, 004780.787, 118
Trd, 004787.287, 126.0
Trd, 004792.800, 118
Trd, 004803.550, 115
Trd, 004803.687, 136.0
Trd, 004803.712, 123
Trd, 004803.862, 135.0
Trd, 004803.925, 137.0
Trd, 004803.975, 102.0
Trd, 004804.637, 119
Trd, 004804.650, 102
Trd, 004805.262, 117
Trd, 004805.875, 116.0
Trd, 004809.000, 113
Trd, 004809.762, 97.0
Trd, 004809.775, 116
Trd, 004829.262, 95
Trd, 004833.412, 74.0
Trd, 004833.487, 86
Trd, 004833.500, 108
Trd, 004833.587, 66
Trd, 004833.900, 118
Trd, 004833.950, 102.0
Trd, 004834.350, 115
Trd, 004834.825, 126.0
Trd, 004835.037, 115
Trd, 004835.200, 107
Trd, 004836.087, 110
Trd, 004846.975, 114
Trd, 004847.137, 97.0
Trd, 004863.587, 118
Trd, 004863.712, 113
Trd, 004863.837, 101.0
Trd, 004864.387, 129
Trd, 004864.437, 124
Trd, 004864.575, 118
Trd, 004864.775, 119
Trd, 004864.875, 99
Trd, 004865.100, 131.0
Trd, 004865.187, 94
Trd, 004865.850, 125.0
Trd, 004866.362, 117.0
Trd, 004868.587, 107
Trd, 004886.062, 125
Trd, 004886.900, 96.0
Trd, 004893.412, 56.0
Trd, 004893.537, 130
Trd, 004893.900, 99
Trd, 004893.925, 126.0
Trd, 004894.175, 100
Trd, 004894.587, 110
Trd, 004894.612, 97.0
Trd, 004894.712, 100.0
Trd, 004895.025, 109
Trd, 004895.087, 133.0
Trd, 004898.912, 125
Trd, 004900.325, 116
Trd, 004902.975, 115.0
Trd, 004903.700, 97
Trd, 004912.912, 108
Trd, 004923.450, 60.0
Trd, 004923.575, 150.0
Trd, 004923.762, 146.0
Trd, 004923.812, 100.0
Trd, 004923.887, 97.0
Trd, 004923.912, 137.0
Trd, 004924.037, 83
Trd, 004924.062, 125.0
Trd, 004924.412, 97.0
Trd, 004924.787, 106
Trd, 004925.650, 121
Trd, 004928.900, 107
Trd, 004930.375, 116
Trd, 004935.775, 97
Trd, 004953.537, 136.0
Trd, 004953.600, 146.0
Trd, 004953.662, 113
Trd, 004953.775, 116.0
Trd, 004953.987, 124
Trd, 004954.000, 104
Trd, 004954.125, 120
Trd, 004954.325, 103
Trd, 004954.475, 103
Trd, 004956.637, 118
Trd, 004957.612, 101
Trd, 004972.312, 100.0
Trd, 004975.100, 113
Trd, 004981.875, 97.0
Trd, 004983.587, 60
Trd, 004983.700, 102
Trd, 004983.750, 111
Trd, 004984.000, 98.0
Trd, 004984.037, 115
Trd, 004984.125, 103
Trd, 004984.175, 106
Trd, 004984.512, 101.0
Trd, 004984.537, 100
Trd, 004984.550, 118
Trd, 004984.762, 125.0
Trd, 004984.987, 129
Trd, 004986.187, 111
Trd, 004989.187, 119
Trd, 005013.550, 125.0
Trd, 005013.562, 102.0
Trd, 005013.687, 138.0
Trd, 005013.700, 73
Trd, 005013.937, 61.0
Trd, 005013.950, 76.0
Trd, 005014.325, 115.0
Trd, 005014.700, 104
Trd, 005014.887, 99.0
Trd, 005014.962, 120
Trd, 005015.200, 117
Trd, 005016.137, 131.0
Trd, 005016.637, 100
Trd, 005020.762, 95.0
Trd, 005023.662, 99
Trd, 005029.500, 107
Trd, 005043.637, 58
Trd, 005043.700, 76.0
Trd, 005044.050, 106
Trd, 005044.162, 135.0
Trd, 005044.250, 100.0
Trd, 005044.412, 96.0
Trd, 005044.650, 98.0
Trd, 005045.350, 101
Trd, 005045.400, 127.0
Trd, 005046.200, 106
Trd, 005050.700, 104
Trd, 005051.400, 121
Trd, 005051.800, 128
Trd, 005054.725, 113
Trd, 005067.475, 97
Trd, 005073.575, 109
Trd, 005073.762, 101
Trd, 005073.862, 135.0
Trd, 005074.250, 147.0
Trd, 005074.962, 123
Trd, 005075.150, 126.0
Trd, 005075.512, 138.0
Trd, 005075.750, 117.0
Trd, 005076.175, 106
Trd, 005078.362, 100.0
Trd, 005080.262, 96
Trd, 005081.025, 99
Trd, 005081.462, 112
Trd, 005083.887, 97
Trd, 005092.625, 118
Trd, 005103.650, 149.0
Trd, 005103.737, 130
Trd, 005103.812, 97.0
Trd, 005104.150, 101.0
Trd, 005104.300, 96
Trd, 005104.312, 105
Trd, 005104.475, 92
Trd, 005105.275, 106
Trd, 005105.712, 110
Trd, 005105.887, 116
Trd, 005107.100, 110
Trd, 005116.287, 125
Trd, 005116.862, 97
Trd, 005121.362, 95.0
Trd, 005122.512, 88
Trd, 005133.650, 108
Trd, 005133.725, 108
Trd, 005133.950, 106
Trd, 005134.000, 105
Trd, 005134.162, 96.0
Trd, 005134.750, 132.0
Trd, 005134.837, 102.0
Trd, 005135.600, 135.0
Trd, 005137.487, 117.0
Trd, 005138.812, 117
Trd, 005138.900, 127.0
Trd, 005145.550, 135
Trd, 005147.262, 96
Trd, 005152.725, 104
Trd, 005155.937, 99
Trd, 005163.662, 96
Trd, 005163.987, 109
Trd, 005164.012, 106
Trd, 005164.125, 76.0
Trd, 005164.275, 119
Trd, 005164.625, 114
Trd, 005164.637, 96
Trd, 005164.762, 97.0
Trd, 005164.987, 126.0
Trd, 005165.200, 128
Trd, 005165.837, 131.0
Trd, 005165.987, 136.0
Trd, 005170.712, 115.0
Trd, 005172.012, 117
Trd, 005174.850, 114
Trd, 005182.825, 101.0
Trd, 005193.212, 86
Trd, 005193.700, 55.0
Trd, 005193.875, 137.0
Trd, 005193.950, 132.0
Trd, 005194.275, 149.0
Trd, 005194.287, 102
Trd, 005194.412, 99.0
Trd, 005195.300, 121
Trd, 005195.550, 135.0
Trd, 005198.325, 118
Trd, 005200.600, 116.0
Trd, 005202.087, 108
Trd, 005203.525, 100.0
Trd, 005209.375, 97.0
Trd, 005217.700, 112
Trd, 005223.900, 134.0
Trd, 005224.025, 108
Trd, 005224.075, 108
Trd, 005224.200, 120
Trd, 005224.637, 116.0
Trd, 005225.125, 105
Trd, 005225.475, 123
Trd, 005227.125, 117
Trd, 005227.387, 124
Trd, 005227.687, 100.0
Trd, 005230.525, 124
Trd, 005233.637, 111
Trd, 005239.175, 97.0
Trd, 005239.300, 97
Trd, 005239.537, 106
Trd, 005253.725, 134.0
Trd, 005253.850, 138.0
Trd, 005253.975, 102.0
Trd, 005254.137, 125
Trd, 005254.575, 118
Trd, 005254.612, 116.0
Trd, 005255.000, 114
Trd, 005255.512, 119
Trd, 005256.437, 114
Trd, 005259.212, 119
Trd, 005260.962, 118
Trd, 005264.912, 110
Trd, 005274.600, 97
Trd, 005275.450, 103
Trd, 005282.762, 96.0
Trd, 005283.725, 55.0
Trd, 005283.762, 57.0
Trd, 005283.862, 99.0
Trd, 005284.250, 149.0
Trd, 005284.387, 146.0
Trd, 005284.500, 137.0
Trd, 005285.075, 135
Trd, 005285.387, 115
Trd, 005293.075, 115.0
Trd, 005293.775, 136.0
Trd, 005302.862, 110
Trd, 005303.800, 102.0
Trd, 005305.525, 98
Trd, 005314.212, 115.0
Trd, 005314.262, 134.0
Trd, 005314.300, 102.0
Trd, 005314.500, 90
Trd, 005314.575, 90
Trd, 005315.950, 96
Trd, 005316.025, 109
Trd, 005316.312, 113
Trd, 005316.612, 118
Trd, 005319.400, 109
Trd, 005321.162, 118
Trd, 005323.112, 110
Trd, 005340.337, 97
Trd, 005340.787, 97.0
Trd, 005343.862, 88
Trd, 005343.950, 115.0
Trd, 005344.362, 106
Trd, 005344.375, 103
Trd, 005344.425, 109
Trd, 005344.625, 112
Trd, 005344.912, 103
Trd, 005345.412, 118
Trd, 005345.487, 103
Trd, 005346.187, 100.0
Trd, 005346.850, 110
Trd, 005347.812, 127.0
Trd, 005348.150, 97.0
Trd, 005373.987, 99.0
Trd, 005374.087, 97.0
Trd, 005374.187, 103
Trd, 005374.262, 132.0
Trd, 005374.350, 84.0
Trd, 005374.512, 138.0
Trd, 005374.812, 78
Trd, 005374.900, 86
Trd, 005375.300, 135.0
Trd, 005376.087, 126.0
Trd, 005377.250, 117.0
Trd, 005380.237, 111
Trd, 005380.650, 100.0
Trd, 005381.412, 138
Trd, 005382.987, 108
Trd, 005403.837, 78
Trd, 005403.987, 147.0
Trd, 005404.025, 90
Trd, 005404.137, 115.0
Trd, 005404.337, 118
Trd, 005404.475, 104
Trd, 005404.887, 113
Trd, 005404.925, 104
Trd, 005405.037, 127.0
Trd, 005405.925, 113
Trd, 005407.962, 104
Trd, 005412.300, 117
Trd, 005413.562, 108
Trd, 005421.375, 102.0
Trd, 005433.962, 137.0
Trd, 005434.287, 136.0
Trd, 005434.350, 135.0
Trd, 005434.525, 115.0
Trd, 005434.587, 104
Trd, 005434.762, 139.0
Trd, 005434.912, 110
Trd, 005435.362, 101.0
Trd, 005435.487, 95.0
Trd, 005436.300, 112
Trd, 005439.737, 110
Trd, 005446.812, 100
Trd, 005446.837, 94
Trd, 005447.800, 101
Trd, 005464.162, 126.0
Trd, 005464.200, 131.0
Trd, 005464.212, 120
Trd, 005464.425, 116.0
Trd, 005464.800, 114
Trd, 005465.050, 114
Trd, 005465.325, 103
Trd, 005465.500, 117
Trd, 005465.525, 101.0
Trd, 005465.812, 115
Trd, 005465.912, 115
Trd, 005466.525, 102
Trd, 005476.400, 95.0
Trd, 005477.137, 104
Trd, 005480.637, 95
Trd, 005493.962, 146.0
Trd, 005494.462, 133.0
Trd, 005494.475, 129
Trd, 005494.487, 116.0
Trd, 005494.537, 91
Trd, 005494.637, 121
Trd, 005494.912, 94
Trd, 005494.950, 86
Trd, 005495.150, 109
Trd, 005495.837, 101
Trd, 005496.025, 117
Trd, 005496.600, 102
Trd, 005497.025, 101.0
Trd, 005513.875, 100
Trd, 005523.950, 130
Trd, 005524.362, 149.0
Trd, 005524.375, 84.0
Trd, 005524.462, 97.0
Trd, 005524.637, 101.0
Trd, 005524.775, 132
Trd, 005524.912, 135.0
Trd, 005525.525, 115.0
Trd, 005526.212, 124
Trd, 005526.350, 114
Trd, 005527.387, 114
Trd, 005534.687, 122
Trd, 005536.550, 115
Trd, 005545.037, 110
Trd, 005549.975, 99
Trd, 005554.075, 103
Trd, 005554.112, 116
Trd, 005554.312, 138.0
Trd, 005554.412, 102
Trd, 005554.662, 95.0
Trd, 005554.825, 118
Trd, 005555.050, 116.0
Trd, 005555.450, 126.0
Trd, 005555.562, 98
Trd, 005556.950, 108
Trd, 005562.462, 120
Trd, 005563.487, 121
Trd, 005564.250, 109
Trd, 005573.037, 102.0
Trd, 005575.450, 96
Trd, 005579.612, 90
Trd, 005584.037, 80
Trd, 005584.112, 77
Trd, 005584.412, 118
Trd, 005584.437, 131
Trd, 005584.512, 131.0
Trd, 005584.687, 85
Trd, 005584.725, 136.0
Trd, 005585.162, 115.0
Trd, 005585.200, 106
Trd, 005585.437, 111
Trd, 005586.100, 122
Trd, 005586.800, 102.0
Trd, 005586.912, 121
Trd, 005589.612, 97.0
Trd, 005590.562, 111
Trd, 005595.000, 107
Trd, 005614.037, 87
Trd, 005614.112, 108
Trd, 005614.125, 139.0
Trd, 005614.362, 79
Trd, 005614.675, 116.0
Trd, 005614.687, 121
Trd, 005614.712, 82.0
Trd, 005615.112, 123
Trd, 005615.412, 108
Trd, 005615.675, 117
Trd, 005617.075, 113
Trd, 005617.087, 113
Trd, 005622.612, 117
Trd, 005629.712, 100.0
Trd, 005630.387, 98
Trd, 005644.200, 146.0
Trd, 005644.250, 102.0
Trd, 005644.275, 70.0
Trd, 005644.362, 96.0
Trd, 005644.450, 94
Trd, 005644.475, 99.0
Trd, 005644.500, 119
Trd, 005645.012, 99
Trd, 005645.337, 100
Trd, 005645.650, 98
Trd, 005645.887, 105
Trd, 005646.775, 117
Trd, 005646.812, 125
Trd, 005662.162, 106
Trd, 005674.100, 56.0
Trd, 005674.275, 59.0
Trd, 005674.587, 99.0
Trd, 005675.187, 125.0
Trd, 005675.825, 110
Trd, 005675.987, 102
Trd, 005676.062, 137.0
Trd, 005677.150, 130
Trd, 005679.837, 117.0
Trd, 005683.450, 105
Trd, 005691.075, 114
Trd, 005704.137, 56.0
Trd, 005704.275, 97.0
Trd, 005704.900, 115
Trd, 005704.937, 107
Trd, 005705.062, 117
Trd, 005705.212, 126.0
Trd, 005705.562, 103
Trd, 005705.725, 113
Trd, 005707.500, 101
Trd, 005707.625, 118
Trd, 005709.100, 101.0
Trd, 005712.700, 118
Trd, 005714.700, 105
Trd, 005730.550, 97.0
Trd, 005734.237, 138.0
Trd, 005734.450, 129
Trd, 005734.562, 104
Trd, 005734.662, 126.0
Trd, 005734.862, 104
Trd, 005734.912, 122
Trd, 005735.000, 121
Trd, 005735.212, 123
Trd, 005735.362, 101.0
Trd, 005735.550, 97.0
Trd, 005735.575, 96
Trd, 005736.287, 121
Trd, 005738.050, 118
Trd, 005739.400, 115.0
Trd, 005744.787, 103
Trd, 005764.387, 150.0
Trd, 005764.450, 137.0
Trd, 005764.662, 115.0
Trd, 005764.912, 102.0
Trd, 005764.987, 121
Trd, 005765.450, 108
Trd, 005767.112, 120
Trd, 005767.412, 111
Trd, 005767.475, 120
Trd, 005773.137, 119
Trd, 005775.100, 110
Trd, 005777.937, 96.0
Trd, 005784.587, 105
Trd, 005794.200, 57.0
Trd, 005794.325, 107
Trd, 005794.387, 136.0
Trd, 005794.412, 117.0
Trd, 005794.725, 134.0
Trd, 005795.112, 138.0
Trd, 005795.475, 133
Trd, 005795.700, 140.0
Trd, 005796.662, 118
Trd, 005798.825, 120
Trd, 005802.500, 114
Trd, 005804.162, 101
Trd, 005804.725, 100.0
Trd, 005814.812, 95.0
Trd, 005824.275, 148.0
Trd, 005824.325, 138.0
Trd, 005824.525, 115.0
Trd, 005824.625, 128
Trd, 005825.112, 97.0
Trd, 005825.200, 97.0
Trd, 005825.387, 92
Trd, 005828.075, 112
Trd, 005828.800, 111
Trd, 005830.287, 114
Trd, 005835.975, 117
Trd, 005841.275, 112
Trd, 005844.912, 101.0
Trd, 005854.375, 115
Trd, 005854.525, 137.0
Trd, 005854.587, 115.0
Trd, 005854.600, 97.0
Trd, 005854.687, 76
Trd, 005854.787, 147.0
Trd, 005855.100, 135.0
Trd, 005855.312, 110
Trd, 005855.712, 100
Trd, 005856.912, 114
Trd, 005859.137, 114
Trd, 005860.137, 108
Trd, 005877.087, 101.0
Trd, 005884.300, 129
Trd, 005884.475, 135.0
Trd, 005884.587, 116.0
Trd, 005884.625, 113
Trd, 005884.725, 136.0
Trd, 005884.762, 109
Trd, 005885.387, 106
Trd, 005885.575, 119
Trd, 005885.750, 106
Trd, 005886.587, 119
Trd, 005887.250, 102.0
Trd, 005887.262, 97
Trd, 005888.587, 119
Trd, 005890.437, 95.0
Trd, 005892.687, 87
Trd, 005895.987, 109
Trd, 005913.812, 92
Trd, 005914.287, 137.0
Trd, 005914.375, 71.0
Trd, 005914.425, 66
Trd, 005914.725, 97.0
Trd, 005914.812, 106
Trd, 005915.000, 81
Trd, 005915.012, 107
Trd, 005915.150, 125.0
Trd, 005915.175, 81
Trd, 005915.550, 98
Trd, 005915.687, 110
Trd, 005920.287, 100.0
Trd, 005921.025, 118
Trd, 005927.750, 106
Trd, 005942.750, 97
Trd, 005944.300, 54.0
Trd, 005944.437, 102.0
Trd, 005944.475, 106
Trd, 005944.625, 124
Trd, 005944.675, 92
Trd, 005945.350, 117.0
Trd, 005945.925, 127.0
Trd, 005946.150, 107
Trd, 005946.600, 131.0
Trd, 005947.012, 138.0
Trd, 005950.425, 109
Trd, 005952.437, 107
Trd, 005956.300, 117
Trd, 005965.950, 106
Trd, 005968.162, 96
Trd, 005974.725, 116
Trd, 005974.787, 114
Trd, 005974.900, 124
Trd, 005974.937, 111
Trd, 005975.700, 116
Trd, 005975.837, 125
Trd, 005975.912, 126.0
Trd, 005976.287, 127
Trd, 005976.337, 130
Trd, 005977.200, 126
Trd, 005977.687, 117.0
Trd, 005978.637, 100.0
Trd, 005996.275, 100
Trd, 006004.437, 97.0
Trd, 006004.512, 101
Trd, 006004.625, 98
Trd, 006004.762, 101.0
Trd, 006004.787, 129
Trd, 006004.812, 131.0
Trd, 006005.287, 98
Trd, 006005.437, 117
Trd, 006005.625, 136.0
Trd, 006006.112, 118
Trd, 006006.350, 113
Trd, 006007.750, 121
Trd, 006008.712, 97
Trd, 006019.737, 96
Trd, 006025.275, 97
Trd, 006034.525, 138.0
Trd, 006034.700, 116
Trd, 006035.050, 117.0
Trd, 006035.112, 106
Trd, 006035.137, 102.0
Trd, 006035.450, 104
Trd, 006035.537, 112
Trd, 006035.562, 115
Trd, 006035.875, 124
Trd, 006035.900, 132
Trd, 006036.887, 122
Trd, 006038.000, 104
Trd, 006055.037, 96.0
Trd, 006056.100, 110
Trd, 006058.937, 99
Trd, 006060.625, 96
Trd, 006064.500, 56.0
Trd, 006064.600, 76.0
Trd, 006064.625, 107
Trd, 006064.712, 97.0
Trd, 006065.025, 134.0
Trd, 006065.175, 116.0
Trd, 006065.875, 99
Trd, 006066.187, 124
Trd, 006066.287, 126.0
Trd, 006066.762, 131.0
Trd, 006068.837, 129
Trd, 006070.262, 124
Trd, 006076.662, 119
Trd, 006076.850, 102
Trd, 006077.612, 106
Trd, 006092.575, 100
Trd, 006094.187, 83.0
Trd, 006094.475, 99.0
Trd, 006094.525, 76.0
Trd, 006094.850, 126.0
Trd, 006094.875, 133.0
Trd, 006094.925, 117.0
Trd, 006095.012, 105
Trd, 006095.437, 138.0
Trd, 006095.850, 135.0
Trd, 006095.900, 113
Trd, 006097.737, 122
Trd, 006098.925, 109
Trd, 006100.850, 100.0
Trd, 006104.325, 107
Trd, 006114.950, 97
Trd, 006116.100, 97.0
Trd, 006117.412, 105
Trd, 006124.475, 138
Trd, 006124.512, 101.0
Trd, 006124.625, 95.0
Trd, 006124.850, 115
Trd, 006125.000, 97.0
Trd, 006125.225, 112
Trd, 006125.400, 97
Trd, 006125.437, 87
Trd, 006126.200, 110
Trd, 006126.262, 132
Trd, 006126.800, 109
Trd, 006130.412, 116
Trd, 006135.687, 109
Trd, 006140.987, 108
Trd, 006148.375, 109
Trd, 006154.537, 87
Trd, 006154.650, 58
Trd, 006154.875, 99.0
Trd, 006155.425, 126.0
Trd, 006155.512, 117.0
Trd, 006156.687, 134.0
Trd, 006156.987, 125
Trd, 006158.237, 115
Trd, 006158.925, 101.0
Trd, 006160.025, 105
Trd, 006161.950, 138.0
Trd, 006166.050, 109
Trd, 006166.087, 120
Trd, 006183.550, 96
Trd, 006184.762, 103
Trd, 006184.812, 102.0
Trd, 006184.925, 126.0
Trd, 006185.062, 112
Trd, 006185.075, 83.0
Trd, 006185.100, 94
Trd, 006185.350, 115
Trd, 006185.487, 117
Trd, 006185.862, 115.0
Trd, 006185.975, 125
Trd, 006186.275, 131.0
Trd, 006186.787, 103
Trd, 006187.712, 105
Trd, 006189.100, 97
Trd, 006201.700, 95.0
Trd, 006208.475, 97
Trd, 006214.637, 99
Trd, 006214.812, 138.0
Trd, 006214.887, 107
Trd, 006215.125, 100
Trd, 006215.162, 97.0
Trd, 006215.325, 93
Trd, 006215.387, 109
Trd, 006215.587, 114
Trd, 006215.912, 115.0
Trd, 006216.100, 99.0
Trd, 006219.612, 117
Trd, 006220.512, 112
Trd, 006220.612, 100.0
Trd, 006220.700, 89
Trd, 006224.050, 88
Trd, 006244.600, 138.0
Trd, 006244.612, 96.0
Trd, 006244.700, 76
Trd, 006245.075, 74
Trd, 006245.087, 112
Trd, 006245.187, 123
Trd, 006245.612, 87
Trd, 006245.737, 97.0
Trd, 006246.587, 116.0
Trd, 006248.325, 113
Trd, 006250.587, 122
Trd, 006259.125, 113
Trd, 006267.150, 100.0
Trd, 006268.700, 109
Trd, 006273.600, 95
Trd, 006274.562, 136.0
Trd, 006274.625, 148.0
Trd, 006274.800, 117
Trd, 006274.850, 102.0
Trd, 006275.162, 83
Trd, 006275.312, 97.0
Trd, 006275.375, 96
Trd, 006275.500, 108
Trd, 006275.612, 119
Trd, 006275.837, 96.0
Trd, 006277.325, 127.0
Trd, 006277.400, 108
Trd, 006277.462, 103
Trd, 006279.775, 95
Trd, 006283.050, 86
Trd, 006304.675, 96.0
Trd, 006304.762, 98.0
Trd, 006304.837, 60.0
Trd, 006305.112, 111
Trd, 006305.150, 79
Trd, 006305.262, 136.0
Trd, 006306.787, 133.0
Trd, 006307.137, 121
Trd, 006308.275, 125.0
Trd, 006309.025, 121
Trd, 006309.225, 117
Trd, 006309.400, 116.0
Trd, 006310.587, 110
Trd, 006321.775, 109
Trd, 006333.100, 97
Trd, 006334.800, 100
Trd, 006334.950, 126
Trd, 006335.262, 102.0
Trd, 006335.312, 126
Trd, 006335.387, 102
Trd, 006335.550, 118
Trd, 006336.162, 104
Trd, 006336.400, 113
Trd, 006336.650, 126.0
Trd, 006336.762, 131
Trd, 006337.025, 96.0
Trd, 006340.712, 132.0
Trd, 006352.900, 108
Trd, 006360.550, 95
Trd, 006364.650, 88
Trd, 006364.825, 120
Trd, 006364.950, 116.0
Trd, 006365.075, 126.0
Trd, 006365.187, 138.0
Trd, 006365.300, 101.0
Trd, 006365.337, 120
Trd, 006365.487, 107
Trd, 006365.937, 105
Trd, 006366.050, 92
Trd, 006366.337, 129
Trd, 006366.650, 133.0
Trd, 006366.775, 82.0
Trd, 006366.825, 77
Trd, 006369.537, 124
Trd, 006376.125, 122
Trd, 006394.725, 133.0
Trd, 006394.850, 116.0
Trd, 006395.487, 121
Trd, 006395.762, 119
Trd, 006395.850, 98
Trd, 006396.150, 102.0
Trd, 006396.412, 120
Trd, 006396.850, 110
Trd, 006397.200, 123
Trd, 006398.612, 105
Trd, 006401.487, 103
Trd, 006403.350, 98
Trd, 006418.475, 96
Trd, 006418.675, 95.0
Trd, 006424.725, 147.0
Trd, 006424.825, 56.0
Trd, 006425.162, 100.0
Trd, 006425.362, 96.0
Trd, 006425.387, 99.0
Trd, 006425.600, 101
Trd, 006425.750, 93
Trd, 006425.862, 126.0
Trd, 006425.925, 96
Trd, 006426.475, 118
Trd, 006427.687, 119
Trd, 006428.325, 131
Trd, 006437.812, 117.0
Trd, 006440.962, 108
Trd, 006448.000, 88
Trd, 006454.850, 102.0
Trd, 006454.862, 110
Trd, 006455.025, 97.0
Trd, 006455.162, 138.0
Trd, 006455.475, 99
Trd, 006456.012, 95
Trd, 006456.025, 113
Trd, 006456.075, 126.0
Trd, 006456.725, 115.0
Trd, 006457.275, 116
Trd, 006459.175, 114
Trd, 006465.050, 116
Trd, 006466.800, 110
Trd, 006471.562, 125
Trd, 006479.575, 100
Trd, 006484.850, 127.0
Trd, 006484.900, 116.0
Trd, 006485.012, 113
Trd, 006485.262, 151.0
Trd, 006485.287, 138.0
Trd, 006485.462, 112
Trd, 006485.837, 111
Trd, 006486.737, 114
Trd, 006486.900, 99.0
Trd, 006487.150, 100.0
Trd, 006487.500, 97
Trd, 006490.612, 110
Trd, 006494.475, 111
Trd, 006510.950, 102
Trd, 006514.812, 99.0
Trd, 006514.875, 79
Trd, 006514.937, 85
Trd, 006514.975, 86
Trd, 006515.162, 125.0
Trd, 006515.237, 76
Trd, 006515.575, 136.0
Trd, 006516.500, 133.0
Trd, 006518.225, 128
Trd, 006524.287, 115.0
Trd, 006524.337, 139.0
Trd, 006527.887, 118
Trd, 006528.125, 114
Trd, 006530.325, 102.0
Trd, 006533.687, 95.0
Trd, 006535.737, 96
Trd, 006544.962, 117.0
Trd, 006545.212, 133.0
Trd, 006545.312, 115
Trd, 006545.500, 118
Trd, 006545.875, 137.0
Trd, 006546.075, 119
Trd, 006546.625, 123
Trd, 006547.425, 113
Trd, 006547.600, 124
Trd, 006547.762, 109
Trd, 006552.237, 127.0
Trd, 006566.075, 101.0
Trd, 006574.962, 130
Trd, 006575.212, 133.0
Trd, 006575.312, 109
Trd, 006575.412, 117.0
Trd, 006575.512, 102.0
Trd, 006575.775, 108
Trd, 006576.025, 122
Trd, 006576.075, 107
Trd, 006576.300, 106
Trd, 006578.525, 105
Trd, 006578.987, 115
Trd, 006581.000, 99
Trd, 006582.412, 112
Trd, 006584.112, 96
Trd, 006586.300, 105
Trd, 006604.975, 117.0
Trd, 006605.000, 132.0
Trd, 006605.225, 73
Trd, 006605.312, 115
Trd, 006605.762, 107
Trd, 006605.787, 113
Trd, 006606.150, 125.0
Trd, 006606.512, 114
Trd, 006606.537, 109
Trd, 006607.237, 103
Trd, 006607.675, 100.0
Trd, 006611.012, 113
Trd, 006611.437, 105
Trd, 006614.475, 118
Trd, 006631.612, 98
Trd, 006634.950, 148.0
Trd, 006635.075, 151.0
Trd, 006635.437, 103
Trd, 006635.487, 138.0
Trd, 006635.587, 122
Trd, 006635.837, 116.0
Trd, 006635.887, 110
Trd, 006636.212, 121
Trd, 006636.287, 109
Trd, 006636.562, 100.0
Trd, 006636.625, 121
Trd, 006645.525, 116
Trd, 006652.762, 112
Trd, 006657.937, 97.0
Trd, 006662.475, 97
Trd, 006664.975, 84.0
Trd, 006665.000, 76
Trd, 006665.200, 100
Trd, 006665.250, 81
Trd, 006665.412, 106
Trd, 006665.687, 99.0
Trd, 006665.725, 116
Trd, 006665.862, 117
Trd, 006666.187, 115.0
Trd, 006666.825, 100.0
Trd, 006667.300, 112
Trd, 006671.475, 118
Trd, 006674.550, 111
Trd, 006686.137, 110
Trd, 006688.212, 127.0
Trd, 006695.025, 57.0
Trd, 006695.037, 61.0
Trd, 006695.075, 98.0
Trd, 006695.312, 100
Trd, 006695.462, 101.0
Trd, 006695.487, 113
Trd, 006695.662, 117.0
Trd, 006695.787, 104
Trd, 006697.025, 108
Trd, 006697.937, 106
Trd, 006698.600, 117
Trd, 006699.575, 124
Trd, 006706.087, 127.0
Trd, 006706.812, 105
Trd, 006716.437, 101
Trd, 006725.050, 118
Trd, 006725.187, 96
Trd, 006725.262, 126.0
Trd, 006725.437, 129
Trd, 006725.862, 104
Trd, 006726.000, 103
Trd, 006726.012, 103
Trd, 006726.125, 102.0
Trd, 006728.937, 114
Trd, 006729.050, 117
Trd, 006729.925, 120
Trd, 006733.750, 95.0
Trd, 006738.325, 120
Trd, 006748.012, 104
Trd, 006748.100, 100
Trd, 006755.012, 96.0
Trd, 006755.100, 96
Trd, 006755.225, 135.0
Trd, 006755.325, 138.0
Trd, 006755.500, 151.0
Trd, 006755.825, 112
Trd, 006757.387, 120
Trd, 006757.412, 116.0
Trd, 006758.100, 123
Trd, 006758.212, 122
Trd, 006760.862, 121
Trd, 006764.237, 109
Trd, 006765.262, 124
Trd, 006768.325, 100.0
Trd, 006770.900, 96
Trd, 006773.962, 90
Trd, 006785.037, 131.0
Trd, 006785.062, 97.0
Trd, 006785.075, 83.0
Trd, 006785.162, 136.0
Trd, 006785.387, 139.0
Trd, 006785.500, 134.0
Trd, 006785.850, 115.0
Trd, 006786.437, 116
Trd, 006786.512, 103
Trd, 006786.587, 121
Trd, 006790.800, 110
Trd, 006792.100, 111
Trd, 006796.200, 117
Trd, 006799.550, 102.0
Trd, 006815.112, 116.0
Trd, 006815.262, 76.0
Trd, 006815.400, 97.0
Trd, 006815.500, 111
Trd, 006815.612, 100
Trd, 006815.625, 96
Trd, 006815.712, 116
Trd, 006815.812, 127.0
Trd, 006816.712, 115
Trd, 006816.825, 132.0
Trd, 006817.225, 100.0
Trd, 006820.187, 137.0
Trd, 006830.287, 96.0
Trd, 006836.912, 132
Trd, 006839.750, 94
Trd, 006841.250, 98
Trd, 006845.312, 98.0
Trd, 006845.325, 110
Trd, 006845.350, 96
Trd, 006845.462, 87
Trd, 006845.837, 118
Trd, 006846.037, 100.0
Trd, 006846.550, 113
Trd, 006846.675, 99
Trd, 006846.962, 114
Trd, 006848.987, 126.0
Trd, 006851.700, 108
Trd, 006859.262, 111
Trd, 006859.750, 109
Trd, 006862.000, 95.0
Trd, 006874.287, 82.0
Trd, 006875.200, 78
Trd, 006875.350, 92
Trd, 006875.425, 131.0
Trd, 006875.562, 130
Trd, 006875.650, 101.0
Trd, 006876.025, 104
Trd, 006876.287, 107
Trd, 006877.062, 107
Trd, 006877.137, 104
Trd, 006877.725, 102
Trd, 006880.025, 107
Trd, 006881.725, 116
Trd, 006883.450, 125.0
Trd, 006894.575, 110
Trd, 006896.250, 100
Trd, 006905.100, 60.0
Trd, 006905.175, 138.0
Trd, 006905.262, 127.0
Trd, 006905.337, 116.0
Trd, 006906.175, 111
Trd, 006906.275, 100.0
Trd, 006906.425, 117
Trd, 006907.000, 114
Trd, 006908.775, 117
Trd, 006908.975, 109
Trd, 006909.150, 118
Trd, 006912.737, 118
Trd, 006914.175, 98
Trd, 006930.925, 108
Trd, 006931.037, 95.0
Trd, 006935.162, 101
Trd, 006935.325, 57.0
Trd, 006935.337, 59.0
Trd, 006935.387, 114
Trd, 006935.512, 110
Trd, 006935.525, 126.0
Trd, 006935.887, 101
Trd, 006936.675, 105
Trd, 006936.687, 110
Trd, 006937.862, 108
Trd, 006938.350, 107
Trd, 006946.125, 118
Trd, 006947.337, 105
Trd, 006957.775, 96
Trd, 006965.237, 58.0
Trd, 006965.275, 105
Trd, 006965.312, 97.0
Trd, 006965.325, 98.0
Trd, 006966.550, 93
Trd, 006966.575, 95
Trd, 006966.825, 92
Trd, 006966.875, 88
Trd, 006966.937, 117
Trd, 006967.275, 89
Trd, 006969.700, 127.0
Trd, 006970.900, 131.0
Trd, 006982.262, 120
Trd, 006982.625, 103
Trd, 006995.287, 59.0
Trd, 006995.312, 74.0
Trd, 006995.362, 97.0
Trd, 006995.537, 90
Trd, 006995.612, 80
Trd, 006996.600, 95
Trd, 006996.625, 127.0
Trd, 006997.000, 107
Trd, 006997.937, 119
Trd, 006998.475, 116
Trd, 007006.862, 119
Trd, 007018.937, 104
Trd, 007022.675, 96.0
Trd, 007025.350, 115
Trd, 007025.537, 110
Trd, 007025.762, 108
Trd, 007026.525, 115
Trd, 007026.637, 109
Trd, 007026.912, 125.0
Trd, 007026.925, 109
Trd, 007027.000, 131
Trd, 007027.662, 104
Trd, 007028.700, 115
Trd, 007028.725, 110
Trd, 007029.575, 101.0
Trd, 007031.712, 98
Trd, 007043.925, 97.0
Trd, 007044.462, 92
Trd, 007049.250, 99
Trd, 007053.662, 96
Trd, 007055.237, 135.0
Trd, 007055.312, 151.0
Trd, 007055.387, 137.0
Trd, 007056.250, 116.0
Trd, 007056.462, 108
Trd, 007056.750, 99
Trd, 007056.862, 97.0
Trd, 007058.350, 123
Trd, 007058.887, 106
Trd, 007059.150, 102.0
Trd, 007059.537, 125
Trd, 007060.662, 106
Trd, 007070.262, 96
Trd, 007071.600, 122
Trd, 007085.262, 61.0
Trd, 007085.487, 133.0
Trd, 007085.800, 125.0
Trd, 007086.200, 138.0
Trd, 007086.212, 117.0
Trd, 007086.750, 133.0
Trd, 007087.125, 113
Trd, 007088.950, 116
Trd, 007089.112, 114
Trd, 007093.587, 117
Trd, 007095.775, 109
Trd, 007096.762, 105
Trd, 007101.075, 101.0
Trd, 007115.550, 115.0
Trd, 007115.575, 109
Trd, 007115.600, 118
Trd, 007116.012, 116
Trd, 007116.212, 111
Trd, 007116.437, 117
Trd, 007117.175, 116
Trd, 007117.237, 112
Trd, 007117.487, 125.0
Trd, 007118.437, 119
Trd, 007120.437, 119
Trd, 007123.712, 102.0
Trd, 007128.675, 97
Trd, 007140.137, 104
Trd, 007145.275, 57
Trd, 007145.562, 128
Trd, 007145.737, 117
Trd, 007145.750, 96.0
Trd, 007146.337, 116.0
Trd, 007146.425, 94
Trd, 007146.587, 116
Trd, 007147.012, 108
Trd, 007147.287, 108
Trd, 007147.812, 118
Trd, 007150.200, 117
Trd, 007154.675, 111
Trd, 007157.062, 109
Trd, 007173.000, 102.0
Trd, 007175.412, 147.0
Trd, 007175.450, 70.0
Trd, 007175.637, 76.0
Trd, 007176.175, 104
Trd, 007176.187, 103
Trd, 007176.462, 115
Trd, 007176.775, 109
Trd, 007176.787, 108
Trd, 007176.850, 117
Trd, 007177.000, 104
Trd, 007182.175, 108
Trd, 007185.162, 100.0
Trd, 007186.825, 115
Trd, 007188.087, 95.0
Trd, 007191.437, 95
Trd, 007198.262, 103
Trd, 007205.462, 82
Trd, 007205.512, 101
Trd, 007205.600, 109
Trd, 007205.662, 115
Trd, 007205.837, 126.0
Trd, 007205.850, 108
Trd, 007205.987, 116
Trd, 007206.062, 128
Trd, 007206.112, 101.0
Trd, 007207.237, 119
Trd, 007207.725, 105
Trd, 007207.887, 104
Trd, 007208.100, 96
Trd, 007210.237, 97
Trd, 007211.475, 97
Trd, 007212.800, 133.0
Trd, 007235.412, 116
Trd, 007235.525, 107
Trd, 007235.837, 116
Trd, 007235.862, 106
Trd, 007235.925, 132
Trd, 007236.325, 115
Trd, 007236.487, 107
Trd, 007236.575, 125.0
Trd, 007236.612, 104
Trd, 007237.162, 116.0
Trd, 007242.075, 103
Trd, 007243.112, 115
Trd, 007244.512, 101.0
Trd, 007248.962, 96.0
Trd, 007265.500, 110
Trd, 007265.687, 132.0
Trd, 007265.862, 117
Trd, 007266.037, 110
Trd, 007266.125, 112
Trd, 007266.687, 111
Trd, 007266.800, 103
Trd, 007266.875, 101.0
Trd, 007267.200, 112
Trd, 007267.387, 118
Trd, 007268.862, 115.0
Trd, 007268.925, 97.0
Trd, 007270.450, 127.0
Trd, 007280.425, 96
Trd, 007295.475, 111
Trd, 007295.700, 111
Trd, 007295.875, 123
Trd, 007295.987, 114
Trd, 007296.187, 125.0
Trd, 007296.312, 102.0
Trd, 007296.362, 138.0
Trd, 007296.387, 134.0
Trd, 007296.525, 97.0
Trd, 007296.862, 127
Trd, 007297.437, 120
Trd, 007299.350, 115.0
Trd, 007300.350, 96
Trd, 007302.025, 95
Trd, 007324.512, 105
Trd, 007325.550, 104
Trd, 007325.612, 97.0
Trd, 007325.650, 131.0
Trd, 007325.737, 99
Trd, 007325.987, 112
Trd, 007326.450, 124
Trd, 007326.500, 125.0
Trd, 007326.787, 137.0
Trd, 007326.937, 118
Trd, 007326.962, 87
Trd, 007327.287, 101.0
Trd, 007327.825, 122
Trd, 007334.075, 121
Trd, 007342.237, 115.0
Trd, 007348.912, 100
Trd, 007353.025, 92
Trd, 007355.675, 115.0
Trd, 007355.725, 114
Trd, 007355.862, 102.0
Trd, 007355.987, 127.0
Trd, 007356.037, 136.0
Trd, 007356.062, 103
Trd, 007356.412, 137.0
Trd, 007356.937, 135.0
Trd, 007357.375, 116
Trd, 007357.762, 115
Trd, 007364.187, 119
Trd, 007366.400, 120
Trd, 007371.512, 107
Trd, 007372.925, 96.0
Trd, 007376.425, 96
Trd, 007385.587, 60.0
Trd, 007385.612, 74.0
Trd, 007385.625, 116
Trd, 007385.700, 82.0
Trd, 007386.212, 147.0
Trd, 007386.662, 113
Trd, 007386.737, 113
Trd, 007386.962, 104
Trd, 007387.200, 102.0
Trd, 007387.675, 100
Trd, 007390.712, 113
Trd, 007390.812, 100
Trd, 007405.412, 100
Trd, 007415.600, 131.0
Trd, 007415.812, 136.0
Trd, 007415.837, 107
Trd, 007416.050, 97.0
Trd, 007416.550, 102
Trd, 007416.725, 88
Trd, 007416.775, 116
Trd, 007416.900, 116
Trd, 007417.200, 88
Trd, 007417.337, 102
Trd, 007417.875, 112
Trd, 007419.325, 116
Trd, 007426.000, 108
Trd, 007435.025, 95.0
Trd, 007440.750, 93
Trd, 007445.550, 76.0
Trd, 007445.775, 93
Trd, 007445.837, 138.0
Trd, 007445.937, 77
Trd, 007446.100, 137.0
Trd, 007446.125, 116.0
Trd, 007446.587, 130
Trd, 007447.162, 123
Trd, 007447.737, 110
Trd, 007447.975, 123
Trd, 007453.375, 108
Trd, 007454.350, 123
Trd, 007457.637, 103
Trd, 007475.625, 57.0
Trd, 007475.675, 135.0
Trd, 007475.900, 117.0
Trd, 007475.975, 137
Trd, 007476.087, 147.0
Trd, 007476.587, 137
Trd, 007477.187, 136.0
Trd, 007478.162, 127.0
Trd, 007485.825, 114
Trd, 007486.900, 107
Trd, 007490.162, 100.0
Trd, 007492.337, 112
Trd, 007496.075, 113
Trd, 007498.612, 96.0
Trd, 007505.837, 114
Trd, 007505.887, 102.0
Trd, 007505.962, 109
Trd, 007506.262, 109
Trd, 007506.400, 127.0
Trd, 007506.625, 110
Trd, 007506.725, 102
Trd, 007506.825, 137.0
Trd, 007507.225, 105
Trd, 007507.387, 96
Trd, 007508.150, 106
Trd, 007512.500, 123
Trd, 007512.537, 117
Trd, 007513.712, 105
Trd, 007515.262, 95.0
Trd, 007515.612, 87
Trd, 007519.137, 132.0
Trd, 007535.675, 117.0
Trd, 007535.812, 114
Trd, 007535.825, 117
Trd, 007536.050, 125.0
Trd, 007536.337, 150.0
Trd, 007536.362, 147.0
Trd, 007536.475, 115
Trd, 007536.575, 123
Trd, 007536.737, 104
Trd, 007537.812, 101.0
Trd, 007542.637, 125
Trd, 007544.312, 112
Trd, 007544.987, 97.0
Trd, 007552.450, 96
Trd, 007556.725, 97
Trd, 007565.762, 137.0
Trd, 007565.800, 104
Trd, 007565.825, 76.0
Trd, 007565.987, 123
Trd, 007566.125, 101
Trd, 007566.350, 118
Trd, 007566.750, 100.0
Trd, 007566.787, 99
Trd, 007566.825, 116
Trd, 007566.912, 117
Trd, 007568.150, 108
Trd, 007568.862, 108
Trd, 007574.175, 117
Trd, 007579.625, 96
Trd, 007585.875, 106
Trd, 007587.262, 95.0
Trd, 007595.662, 58.0
Trd, 007595.762, 77
Trd, 007595.950, 147.0
Trd, 007596.100, 136.0
Trd, 007596.350, 135
Trd, 007596.587, 135.0
Trd, 007596.912, 118
Trd, 007598.412, 115.0
Trd, 007599.350, 133
Trd, 007599.512, 133.0
Trd, 007601.250, 106
Trd, 007601.937, 100.0
Trd, 007620.612, 126
Trd, 007625.837, 146.0
Trd, 007625.887, 137.0
Trd, 007625.950, 134.0
Trd, 007626.137, 96.0
Trd, 007626.400, 116.0
Trd, 007626.875, 114
Trd, 007627.662, 104
Trd, 007628.125, 101
Trd, 007628.287, 118
Trd, 007629.112, 117
Trd, 007629.187, 123
Trd, 007630.525, 109
Trd, 007639.787, 107
Trd, 007641.875, 102.0
Trd, 007649.437, 95
Trd, 007655.837, 151.0
Trd, 007655.912, 136.0
Trd, 007655.975, 134.0
Trd, 007656.087, 116.0
Trd, 007656.137, 96
Trd, 007656.237, 98.0
Trd, 007656.587, 108
Trd, 007657.812, 107
Trd, 007658.212, 96.0
Trd, 007661.700, 107
Trd, 007662.800, 107
Trd, 007666.550, 108
Trd, 007671.662, 107
Trd, 007685.762, 135
Trd, 007685.800, 125.0
Trd, 007685.812, 93
Trd, 007685.925, 75.0
Trd, 007686.437, 97.0
Trd, 007687.250, 97
Trd, 007687.362, 98
Trd, 007687.775, 100
Trd, 007687.887, 102
Trd, 007688.550, 97
Trd, 007690.300, 105
Trd, 007692.187, 116
Trd, 007692.412, 106
Trd, 007700.275, 109
Trd, 007710.075, 107
Trd, 007713.650, 86
Trd, 007715.862, 115.0
Trd, 007715.975, 132
Trd, 007716.062, 90
Trd, 007716.200, 93
Trd, 007716.250, 109
Trd, 007716.375, 118
Trd, 007716.700, 137.0
Trd, 007716.712, 102.0
Trd, 007716.950, 138.0
Trd, 007717.725, 111
Trd, 007718.375, 108
Trd, 007718.575, 106
Trd, 007719.875, 125
Trd, 007730.200, 96.0
Trd, 007738.712, 90
Trd, 007739.087, 97
Trd, 007745.812, 136.0
Trd, 007745.925, 104
Trd, 007745.975, 103
Trd, 007746.087, 83.0
Trd, 007746.275, 116
Trd, 007746.400, 115.0
Trd, 007746.787, 112
Trd, 007747.650, 121
Trd, 007747.687, 125.0
Trd, 007748.400, 123
Trd, 007748.675, 113
Trd, 007751.250, 100.0
Trd, 007758.487, 98
Trd, 007759.625, 97.0
Trd, 007775.800, 75.0
Trd, 007775.937, 148.0
Trd, 007776.150, 116.0
Trd, 007776.275, 138.0
Trd, 007776.287, 134.0
Trd, 007776.300, 119
Trd, 007776.587, 105
Trd, 007776.937, 133.0
Trd, 007777.262, 123
Trd, 007782.337, 119
Trd, 007789.975, 106
Trd, 007795.612, 102.0
Trd, 007796.562, 95.0
Trd, 007805.887, 117
Trd, 007805.937, 106
Trd, 007806.037, 133.0
Trd, 007806.087, 134
Trd, 007806.162, 76.0
Trd, 007806.625, 117.0
Trd, 007806.700, 125
Trd, 007807.737, 114
Trd, 007809.350, 112
Trd, 007811.775, 112
Trd, 007813.150, 101.0
Trd, 007813.412, 122
Trd, 007819.900, 101
Trd, 007821.650, 107
Trd, 007823.937, 97.0
Trd, 007831.537, 96
Trd, 007836.125, 120
Trd, 007836.150, 105
Trd, 007836.325, 108
Trd, 007836.550, 112
Trd, 007836.925, 114
Trd, 007837.150, 108
Trd, 007837.312, 116.0
Trd, 007837.925, 97.0
Trd, 007837.950, 115
Trd, 007838.100, 102.0
Trd, 007838.237, 127.0
Trd, 007840.987, 129
Trd, 007841.975, 123
Trd, 007843.925, 110
Trd, 007845.512, 95
Trd, 007845.700, 84
Trd, 007865.975, 105
Trd, 007866.337, 100.0
Trd, 007866.650, 105
Trd, 007866.687, 111
Trd, 007866.887, 114
Trd, 007867.000, 104
Trd, 007867.150, 103
Trd, 007867.525, 105
Trd, 007867.737, 118
Trd, 007868.637, 110
Trd, 007868.887, 101
Trd, 007870.525, 102
Trd, 007881.187, 101
Trd, 007883.537, 95.0
Trd, 007888.625, 121
Trd, 007896.012, 110
Trd, 007896.025, 97.0
Trd, 007896.325, 90
Trd, 007896.575, 97
Trd, 007896.787, 117.0
Trd, 007896.950, 125.0
Trd, 007897.050, 131
Trd, 007897.137, 102.0
Trd, 007897.475, 103
Trd, 007897.612, 130
Trd, 007902.037, 122
Trd, 007904.050, 101
Trd, 007910.300, 96
Trd, 007919.525, 125
Trd, 007924.200, 101
Trd, 007925.950, 139.0
Trd, 007926.112, 82
Trd, 007926.312, 126.0
Trd, 007926.337, 116.0
Trd, 007926.462, 110
Trd, 007926.512, 121
Trd, 007926.825, 99
Trd, 007927.437, 117
Trd, 007927.675, 103
Trd, 007928.900, 100.0
Trd, 007932.187, 114
Trd, 007934.737, 97
Trd, 007935.487, 114
Trd, 007940.575, 97.0
Trd, 007956.150, 116
Trd, 007956.200, 110
Trd, 007956.212, 126.0
Trd, 007956.562, 100.0
Trd, 007956.612, 96
Trd, 007956.762, 98
Trd, 007956.850, 94
Trd, 007957.012, 113
Trd, 007957.187, 112
Trd, 007957.212, 116
Trd, 007958.950, 102
Trd, 007961.275, 118
Trd, 007961.437, 110
Trd, 007963.487, 97.0
Trd, 007968.862, 114
Trd, 007982.462, 103
Trd, 007986.075, 128
Trd, 007986.162, 56.0
Trd, 007986.225, 101
Trd, 007986.550, 96
Trd, 007986.837, 102
Trd, 007987.025, 140.0
Trd, 007987.037, 111
Trd, 007987.075, 100.0
Trd, 007987.087, 88
Trd, 007987.225, 148.0
Trd, 007988.050, 98.0
Trd, 007988.287, 106
Trd, 007988.562, 87
Trd, 007988.837, 105
Trd, 007990.387, 109
Trd, 007995.362, 97.0
Trd, 008016.125, 115.0
Trd, 008016.187, 135
Trd, 008016.675, 102.0
Trd, 008016.737, 119
Trd, 008016.912, 98.0
Trd, 008017.025, 133.0
Trd, 008017.262, 127
Trd, 008017.462, 116
Trd, 008018.375, 121
Trd, 008019.050, 114
Trd, 008020.250, 100
Trd, 008023.862, 104
Trd, 008036.100, 99
Trd, 008039.612, 96.0
Trd, 008046.225, 127.0
Trd, 008046.262, 129
Trd, 008046.325, 133.0
Trd, 008046.337, 111
Trd, 008046.475, 109
Trd, 008046.612, 124
Trd, 008046.912, 122
Trd, 008047.000, 103
Trd, 008049.287, 115.0
Trd, 008053.275, 117
Trd, 008054.750, 110
Trd, 008055.275, 119
Trd, 008055.675, 102.0
Trd, 008056.137, 97
Trd, 008076.162, 100.0
Trd, 008076.237, 148.0
Trd, 008076.275, 125.0
Trd, 008076.462, 118
Trd, 008076.662, 137.0
Trd, 008076.750, 128
Trd, 008077.200, 119
Trd, 008077.575, 116.0
Trd, 008077.962, 111
Trd, 008079.925, 118
Trd, 008081.700, 117
Trd, 008099.325, 110
Trd, 008103.612, 97.0
Trd, 008106.162, 148.0
Trd, 008106.237, 101
Trd, 008106.387, 115
Trd, 008106.725, 138.0
Trd, 008106.737, 123
Trd, 008107.062, 120
Trd, 008107.225, 109
Trd, 008107.912, 114
Trd, 008109.237, 115.0
Trd, 008113.512, 111
Trd, 008117.312, 117
Trd, 008123.162, 117
Trd, 008126.425, 101.0
Trd, 008135.137, 97.0
Trd, 008136.212, 54.0
Trd, 008136.412, 126.0
Trd, 008136.450, 117.0
Trd, 008136.725, 150.0
Trd, 008136.837, 101.0
Trd, 008137.325, 99
Trd, 008137.362, 133.0
Trd, 008137.650, 137.0
Trd, 008137.737, 102
Trd, 008140.812, 137
Trd, 008141.875, 119
Trd, 008148.137, 109
Trd, 008153.362, 98
Trd, 008159.362, 97.0
Trd, 008166.187, 127.0
Trd, 008166.250, 132
Trd, 008166.300, 98
Trd, 008166.350, 136.0
Trd, 008166.562, 97
Trd, 008166.862, 137.0
Trd, 008167.387, 96.0
Trd, 008167.687, 101.0
Trd, 008168.012, 105
Trd, 008168.937, 117.0
Trd, 008170.737, 116
Trd, 008173.612, 100
Trd, 008174.225, 117
Trd, 008182.237, 97
Trd, 008196.162, 103
Trd, 008196.200, 99.0
Trd, 008196.287, 98
Trd, 008196.412, 101.0
Trd, 008196.437, 125.0
Trd, 008196.887, 130
Trd, 008197.025, 104
Trd, 008197.400, 108
Trd, 008198.900, 118
Trd, 008199.000, 104
Trd, 008202.187, 96.0
Trd, 008206.637, 110
Trd, 008207.875, 97
Trd, 008213.012, 109
Trd, 008226.187, 87
Trd, 008226.312, 106
Trd, 008226.487, 100.0
Trd, 008226.612, 102
Trd, 008226.700, 104
Trd, 008226.725, 100
Trd, 008227.287, 117
Trd, 008227.300, 99
Trd, 008227.800, 125.0
Trd, 008228.100, 98
Trd, 008228.662, 96
Trd, 008229.775, 95.0
Trd, 008244.062, 93
Trd, 008245.637, 83.0
Trd, 008246.012, 109
Trd, 008249.912, 130
Trd, 008256.300, 135
Trd, 008256.450, 112
Trd, 008256.462, 124
Trd, 008256.525, 84.0
Trd, 008256.600, 131
Trd, 008256.612, 134
Trd, 008256.650, 99
Trd, 008257.050, 112
Trd, 008257.287, 115.0
Trd, 008257.700, 116
Trd, 008259.912, 108
Trd, 008264.937, 104
Trd, 008273.012, 102.0
Trd, 008281.925, 96
Trd, 008286.337, 136.0
Trd, 008286.637, 117
Trd, 008286.750, 121
Trd, 008287.387, 120
Trd, 008287.587, 119
Trd, 008287.787, 121
Trd, 008288.075, 116.0
Trd, 008288.625, 114
Trd, 008289.512, 113
Trd, 008289.762, 109
Trd, 008291.137, 122
Trd, 008295.100, 100.0
Trd, 008316.225, 60.0
Trd, 008316.287, 55.0
Trd, 008316.312, 138.0
Trd, 008316.887, 147.0
Trd, 008317.000, 132
Trd, 008317.787, 126.0
Trd, 008317.962, 117.0
Trd, 008318.050, 108
Trd, 008319.187, 118
Trd, 008323.900, 117
Trd, 008337.612, 130
Trd, 008343.287, 115
Trd, 008345.950, 129
Trd, 008346.337, 56.0
Trd, 008346.437, 103
Trd, 008346.475, 101
Trd, 008346.612, 119
Trd, 008346.887, 115.0
Trd, 008347.000, 127.0
Trd, 008347.025, 100.0
Trd, 008347.037, 142
Trd, 008347.475, 151.0
Trd, 008347.850, 137.0
Trd, 008348.512, 128
Trd, 008355.500, 108
Trd, 008358.350, 102
Trd, 008371.762, 120
Trd, 008376.275, 82
Trd, 008376.287, 118
Trd, 008376.625, 101.0
Trd, 008376.662, 99
Trd, 008376.812, 97
Trd, 008376.975, 98.0
Trd, 008377.162, 131.0
Trd, 008378.025, 117.0
Trd, 008378.050, 120
Trd, 008378.487, 127.0
Trd, 008383.087, 97.0
Trd, 008383.137, 117
Trd, 008384.037, 119
Trd, 008386.937, 101
Trd, 008399.150, 102
Trd, 008406.312, 116.0
Trd, 008406.487, 97.0
Trd, 008406.500, 109
Trd, 008406.600, 131
Trd, 008406.912, 93
Trd, 008407.025, 99.0
Trd, 008407.175, 98
Trd, 008407.400, 109
Trd, 008408.450, 99
Trd, 008412.750, 104
Trd, 008414.075, 104
Trd, 008415.925, 100.0
Trd, 008419.462, 100
Trd, 008423.325, 118
Trd, 008436.275, 59.0
Trd, 008436.425, 100.0
Trd, 008436.525, 133.0
Trd, 008436.725, 111
Trd, 008437.475, 127.0
Trd, 008437.725, 137.0
Trd, 008437.775, 120
Trd, 008438.287, 135.0
Trd, 008438.600, 113
Trd, 008438.750, 115.0
Trd, 008442.387, 109
Trd, 008451.425, 117
Trd, 008453.262, 115
Trd, 008464.337, 97.0
Trd, 008466.675, 117
Trd, 008466.687, 126.0
Trd, 008466.725, 131.0
Trd, 008466.787, 116.0
Trd, 008466.837, 116
Trd, 008467.375, 115
Trd, 008467.400, 123
Trd, 008467.725, 104
Trd, 008469.262, 102.0
Trd, 008470.087, 116
Trd, 008471.437, 113
Trd, 008476.212, 111
Trd, 008496.325, 147.0
Trd, 008496.400, 102
Trd, 008496.450, 113
Trd, 008496.537, 102.0
Trd, 008496.600, 96
Trd, 008496.775, 115
Trd, 008496.825, 128
Trd, 008497.012, 113
Trd, 008497.225, 105
Trd, 008497.275, 119
Trd, 008497.937, 114
Trd, 008512.462, 96.0
Trd, 008513.650, 119
Trd, 008526.325, 112
Trd, 008526.362, 108
Trd, 008526.450, 111
Trd, 008526.475, 101.0
Trd, 008526.562, 98.0
Trd, 008527.000, 88
Trd, 008527.012, 97
Trd, 008527.150, 94
Trd, 008527.462, 117
Trd, 008527.887, 103
Trd, 008528.312, 128
Trd, 008528.625, 97.0
Trd, 008529.462, 95
Trd, 008530.012, 86
Trd, 008531.737, 126.0
Trd, 008551.287, 96
Trd, 008556.487, 104
Trd, 008556.550, 131
Trd, 008556.725, 103
Trd, 008556.825, 100.0
Trd, 008556.950, 132.0
Trd, 008557.075, 114
Trd, 008557.650, 97
Trd, 008557.875, 96.0
Trd, 008558.662, 96
Trd, 008559.662, 117
Trd, 008560.075, 125.0
Trd, 008562.437, 97
Trd, 008568.700, 102
Trd, 008569.950, 118
Trd, 008577.450, 100
Trd, 008586.400, 136.0
Trd, 008586.637, 117.0
Trd, 008586.650, 122
Trd, 008586.837, 108
Trd, 008587.000, 122
Trd, 008587.112, 131.0
Trd, 008588.037, 112
Trd, 008588.700, 113
Trd, 008588.912, 106
Trd, 008589.500, 124
Trd, 008593.275, 101.0
Trd, 008607.250, 96.0
Trd, 008614.700, 96
Trd, 008616.337, 147.0
Trd, 008616.475, 95.0
Trd, 008616.925, 120
Trd, 008616.987, 123
Trd, 008617.087, 117.0
Trd, 008617.187, 123
Trd, 008617.387, 135.0
Trd, 008617.662, 111
Trd, 008617.975, 102
Trd, 008618.762, 104
Trd, 008621.600, 106
Trd, 008622.287, 104
Trd, 008624.512, 100.0
Trd, 008627.450, 110
Trd, 008628.162, 93
Trd, 008638.200, 97
Trd, 008646.362, 98.0
Trd, 008646.650, 147.0
Trd, 008646.687, 117.0
Trd, 008647.250, 149.0
Trd, 008647.312, 136.0
Trd, 008647.775, 102.0
Trd, 008647.812, 126.0
Trd, 008649.775, 111
Trd, 008654.225, 108
Trd, 008655.762, 118
Trd, 008656.100, 95.0
Trd, 008656.462, 120
Trd, 008658.962, 105
Trd, 008671.375, 95
Trd, 008676.487, 101.0
Trd, 008676.600, 137.0
Trd, 008676.687, 98.0
Trd, 008676.725, 112
Trd, 008676.812, 97.0
Trd, 008676.887, 132
Trd, 008678.312, 119
Trd, 008678.725, 119
Trd, 008678.912, 126.0
Trd, 008679.150, 118
Trd, 008679.600, 113
Trd, 008679.687, 110
Trd, 008686.200, 110
Trd, 008706.500, 109
Trd, 008706.525, 107
Trd, 008706.712, 95.0
Trd, 008706.737, 95
Trd, 008707.050, 95
Trd, 008707.175, 97.0
Trd, 008707.337, 128
Trd, 008707.462, 116.0
Trd, 008708.400, 115
Trd, 008708.475, 101.0
Trd, 008708.800, 118
Trd, 008709.175, 131.0
Trd, 008710.400, 110
Trd, 008713.275, 98
Trd, 008727.225, 104
Trd, 008736.462, 97.0
Trd, 008736.587, 121
Trd, 008736.812, 102.0
Trd, 008737.025, 100
Trd, 008737.137, 108
Trd, 008737.325, 110
Trd, 008737.562, 115.0
Trd, 008737.825, 111
Trd, 008738.200, 125.0
Trd, 008738.237, 131
Trd, 008738.612, 98
Trd, 008743.350, 132.0
Trd, 008747.312, 97.0
Trd, 008757.262, 105
Trd, 008763.262, 101
Trd, 008766.425, 59.0
Trd, 008766.625, 115.0
Trd, 008766.687, 126.0
Trd, 008766.737, 94
Trd, 008766.800, 136.0
Trd, 008767.037, 132.0
Trd, 008767.637, 136.0
Trd, 008769.750, 134
Trd, 008771.287, 117
Trd, 008774.012, 108
Trd, 008774.450, 101.0
Trd, 008779.225, 120
Trd, 008779.562, 119
Trd, 008792.325, 97.0
Trd, 008793.725, 96
Trd, 008796.475, 133.0
Trd, 008796.625, 148.0
Trd, 008796.925, 100.0
Trd, 008796.937, 119
Trd, 008796.962, 97
Trd, 008797.587, 115.0
Trd, 008797.600, 121
Trd, 008797.825, 105
Trd, 008797.850, 126.0
Trd, 008798.075, 107
Trd, 008799.412, 113
Trd, 008799.550, 116
Trd, 008803.350, 96.0
Trd, 008814.925, 97
Trd, 008826.550, 116
Trd, 008826.612, 107
Trd, 008826.862, 100
Trd, 008827.025, 97
Trd, 008827.387, 96.0
Trd, 008827.462, 110
Trd, 008827.475, 95
Trd, 008827.837, 96
Trd, 008828.400, 126.0
Trd, 008829.187, 101.0
Trd, 008829.387, 117
Trd, 008832.100, 131.0
Trd, 008834.750, 99
Trd, 008835.462, 105
Trd, 008839.762, 124
Trd, 008844.537, 95
Trd, 008852.825, 87
Trd, 008856.425, 146.0
Trd, 008856.550, 85
Trd, 008856.700, 77
Trd, 008856.887, 99.0
Trd, 008857.050, 110
Trd, 008857.087, 122
Trd, 008857.425, 96
Trd, 008857.462, 107
Trd, 008857.887, 106
Trd, 008858.075, 105
Trd, 008858.450, 105
Trd, 008866.525, 115.0
Trd, 008870.162, 125.0
Trd, 008875.987, 114
Trd, 008876.325, 96.0
Trd, 008886.812, 113
Trd, 008886.950, 104
Trd, 008886.987, 106
Trd, 008887.212, 111
Trd, 008887.325, 117
Trd, 008887.512, 116.0
Trd, 008887.562, 130
Trd, 008887.737, 105
Trd, 008887.937, 100.0
Trd, 008894.150, 116
Trd, 008896.562, 122
Trd, 008898.562, 97.0
Trd, 008900.137, 100
Trd, 008916.625, 71
Trd, 008916.925, 95.0
Trd, 008917.000, 97
Trd, 008917.037, 98.0
Trd, 008917.062, 93
Trd, 008917.250, 90
Trd, 008917.425, 90
Trd, 008918.162, 115.0
Trd, 008919.650, 106
Trd, 008919.687, 116
Trd, 008920.325, 127.0
Trd, 008920.650, 129
Trd, 008922.812, 97
Trd, 008924.250, 96
Trd, 008944.775, 98
Trd, 008946.612, 146.0
Trd, 008946.625, 137.0
Trd, 008946.862, 109
Trd, 008946.912, 83.0
Trd, 008947.162, 110
Trd, 008947.637, 121
Trd, 008947.662, 117.0
Trd, 008948.325, 115
Trd, 008948.450, 106
Trd, 008948.650, 104
Trd, 008954.850, 116
Trd, 008955.637, 105
Trd, 008956.275, 102.0
Trd, 008958.787, 95.0
Trd, 008963.612, 94
Trd, 008976.525, 105
Trd, 008976.650, 104
Trd, 008976.800, 97.0
Trd, 008977.037, 108
Trd, 008977.137, 101
Trd, 008977.312, 101
Trd, 008977.462, 100.0
Trd, 008977.875, 109
Trd, 008977.925, 116
Trd, 008978.012, 127.0
Trd, 008978.375, 121
Trd, 008980.850, 118
Trd, 008982.525, 116.0
Trd, 008985.775, 97
Trd, 008991.662, 108
Trd, 009006.550, 57.0
Trd, 009006.637, 78
Trd, 009006.662, 75
Trd, 009007.025, 84
Trd, 009007.100, 116
Trd, 009007.150, 132.0
Trd, 009007.300, 136.0
Trd, 009007.387, 100.0
Trd, 009007.637, 110
Trd, 009008.162, 104
Trd, 009009.362, 115
Trd, 009011.162, 127.0
Trd, 009015.700, 126
Trd, 009027.950, 98
Trd, 009033.412, 123
Trd, 009036.562, 57.0
Trd, 009036.575, 98.0
Trd, 009036.787, 115.0
Trd, 009036.800, 126.0
Trd, 009036.812, 102
Trd, 009036.837, 133.0
Trd, 009037.562, 138.0
Trd, 009037.600, 104
Trd, 009039.325, 103
Trd, 009039.375, 125
Trd, 009041.250, 103
Trd, 009042.975, 119
Trd, 009046.550, 104
Trd, 009047.400, 98
Trd, 009066.700, 106
Trd, 009066.775, 109
Trd, 009066.787, 96.0
Trd, 009067.000, 97.0
Trd, 009067.312, 130
Trd, 009067.937, 109
Trd, 009068.137, 100.0
Trd, 009069.275, 121
Trd, 009069.437, 126.0
Trd, 009069.850, 130
Trd, 009071.637, 123
Trd, 009074.187, 116.0
Trd, 009074.237, 111
Trd, 009080.550, 97
Trd, 009085.375, 95
Trd, 009096.712, 99.0
Trd, 009096.800, 104
Trd, 009096.937, 137.0
Trd, 009096.975, 133.0
Trd, 009097.137, 138.0
Trd, 009097.537, 128
Trd, 009097.750, 136.0
Trd, 009097.987, 134
Trd, 009098.087, 116.0
Trd, 009098.675, 114
Trd, 009098.787, 101
Trd, 009106.275, 100
Trd, 009111.087, 112
Trd, 009126.600, 54.0
Trd, 009126.662, 58.0
Trd, 009126.875, 98.0
Trd, 009127.350, 95.0
Trd, 009127.650, 101.0
Trd, 009127.950, 125.0
Trd, 009128.450, 132.0
Trd, 009129.112, 137.0
Trd, 009129.937, 117
Trd, 009130.187, 115.0
Trd, 009136.087, 112
Trd, 009143.462, 110
Trd, 009156.775, 151.0
Trd, 009156.787, 147.0
Trd, 009156.887, 138.0
Trd, 009157.087, 87
Trd, 009157.100, 98.0
Trd, 009157.125, 85
Trd, 009157.325, 101
Trd, 009158.062, 109
Trd, 009159.012, 117.0
Trd, 009159.637, 110
Trd, 009159.862, 108
Trd, 009163.062, 118
Trd, 009163.600, 109
Trd, 009165.237, 100.0
Trd, 009186.612, 116.0
Trd, 009186.687, 147.0
Trd, 009186.725, 137.0
Trd, 009187.062, 101.0
Trd, 009188.087, 98.0
Trd, 009188.512, 101
Trd, 009188.600, 106
Trd, 009189.050, 97
Trd, 009189.100, 97
Trd, 009189.262, 96
Trd, 009189.887, 112
Trd, 009191.375, 112
Trd, 009193.037, 105
Trd, 009205.562, 115
Trd, 009216.650, 138.0
Trd, 009217.037, 114
Trd, 009217.262, 118
Trd, 009217.450, 125.0
Trd, 009217.512, 116
Trd, 009217.575, 119
Trd, 009217.650, 107
Trd, 009217.950, 104
Trd, 009218.062, 98
Trd, 009218.612, 98
Trd, 009219.537, 95.0
Trd, 009220.012, 131.0
Trd, 009222.050, 108
Trd, 009222.925, 112
Trd, 009229.462, 102.0
Trd, 009246.600, 105
Trd, 009246.625, 57
Trd, 009246.925, 75.0
Trd, 009246.950, 76.0
Trd, 009247.037, 99.0
Trd, 009247.237, 100
Trd, 009247.512, 122
Trd, 009247.775, 129
Trd, 009248.012, 117.0
Trd, 009248.125, 119
Trd, 009249.950, 121
Trd, 009252.250, 125.0
Trd, 009252.550, 117
Trd, 009252.800, 108
Trd, 009276.650, 56.0
Trd, 009276.787, 75.0
Trd, 009276.887, 94
Trd, 009277.362, 98.0
Trd, 009277.375, 100
Trd, 009277.975, 98
Trd, 009278.312, 103
Trd, 009278.412, 101
Trd, 009279.237, 108
Trd, 009279.287, 117
Trd, 009280.387, 127.0
Trd, 009286.737, 111
Trd, 009288.987, 108
Trd, 009297.950, 106
Trd, 009307.100, 151.0
Trd, 009307.125, 138.0
Trd, 009307.250, 122
Trd, 009307.425, 105
Trd, 009307.437, 115
Trd, 009308.500, 118
Trd, 009309.275, 122
Trd, 009309.775, 114
Trd, 009310.550, 110
Trd, 009311.587, 102.0
Trd, 009311.862, 97.0
Trd, 009313.637, 96
Trd, 009314.937, 107
Trd, 009321.412, 106
Trd, 009324.462, 96
Trd, 009336.662, 101
Trd, 009336.837, 150.0
Trd, 009337.025, 127.0
Trd, 009337.137, 131
Trd, 009337.275, 133.0
Trd, 009337.537, 101
Trd, 009338.100, 118
Trd, 009338.375, 117.0
Trd, 009338.737, 109
Trd, 009338.887, 102.0
Trd, 009340.862, 110
Trd, 009341.287, 119
Trd, 009343.775, 103
Trd, 009345.762, 101
Trd, 009347.875, 96
Trd, 009359.837, 95.0
Trd, 009366.675, 133.0
Trd, 009366.762, 98
Trd, 009366.837, 110
Trd, 009366.862, 117
Trd, 009367.125, 129
Trd, 009367.187, 104
Trd, 009368.175, 106
Trd, 009369.250, 107
Trd, 009369.412, 116
Trd, 009370.787, 100.0
Trd, 009371.637, 117
Trd, 009372.600, 117
Trd, 009396.875, 113
Trd, 009396.912, 111
Trd, 009397.225, 111
Trd, 009397.450, 105
Trd, 009397.500, 115
Trd, 009397.662, 130
Trd, 009397.975, 110
Trd, 009398.450, 120
Trd, 009398.875, 108
Trd, 009399.400, 125.0
Trd, 009401.137, 120
Trd, 009401.512, 100.0
Trd, 009426.725, 102.0
Trd, 009427.000, 132.0
Trd, 009427.025, 116.0
Trd, 009427.137, 119
Trd, 009427.150, 104
Trd, 009427.312, 136.0
Trd, 009427.637, 122
Trd, 009427.687, 91
Trd, 009427.775, 103
Trd, 009428.450, 119
Trd, 009428.700, 121
Trd, 009429.337, 102
Trd, 009429.637, 112
Trd, 009432.362, 97.0
Trd, 009440.475, 91
Trd, 009456.712, 74
Trd, 009456.762, 96
Trd, 009456.912, 76.0
Trd, 009457.187, 96
Trd, 009457.412, 101
Trd, 009457.712, 134.0
Trd, 009457.800, 116.0
Trd, 009457.912, 101.0
Trd, 009458.300, 110
Trd, 009458.375, 88
Trd, 009458.437, 130
Trd, 009459.875, 105
Trd, 009460.062, 121
Trd, 009463.150, 112
Trd, 009474.150, 110
Trd, 009487.012, 74.0
Trd, 009487.025, 104
Trd, 009487.037, 64
Trd, 009487.137, 74.0
Trd, 009487.162, 87
Trd, 009487.387, 95
Trd, 009487.575, 97.0
Trd, 009487.587, 96.0
Trd, 009489.087, 114
Trd, 009491.050, 118
Trd, 009493.250, 114
Trd, 009494.825, 111
Trd, 009497.362, 101.0
Trd, 009503.400, 127.0
Trd, 009513.787, 98
Trd, 009516.937, 115.0
Trd, 009516.950, 102.0
Trd, 009516.975, 96.0
Trd, 009517.150, 138.0
Trd, 009517.262, 90
Trd, 009517.612, 137.0
Trd, 009517.662, 139.0
Trd, 009517.787, 133.0
Trd, 009517.912, 109
Trd, 009523.187, 112
Trd, 009525.875, 109
Trd, 009526.450, 116
Trd, 009531.600, 116
Trd, 009543.375, 94
Trd, 009545.912, 104
Trd, 009546.787, 59
Trd, 009546.825, 102
Trd, 009546.937, 82.0
Trd, 009546.975, 125.0
Trd, 009547.150, 107
Trd, 009547.275, 116.0
Trd, 009547.537, 99
Trd, 009547.775, 123
Trd, 009549.350, 131.0
Trd, 009549.450, 116
Trd, 009551.812, 134.0
Trd, 009553.475, 109
Trd, 009559.837, 116
Trd, 009574.037, 115
Trd, 009576.775, 149.0
Trd, 009577.062, 108
Trd, 009577.275, 98.0
Trd, 009577.812, 104
Trd, 009578.275, 103
Trd, 009578.500, 104
Trd, 009578.550, 111
Trd, 009578.612, 101
Trd, 009578.662, 117
Trd, 009578.937, 127.0
Trd, 009579.762, 127
Trd, 009580.562, 129
Trd, 009581.950, 115
Trd, 009582.487, 100.0
Trd, 009583.212, 97.0
Trd, 009591.600, 96
Trd, 009606.737, 98
Trd, 009606.800, 102
Trd, 009606.850, 106
Trd, 009606.925, 125.0
Trd, 009607.237, 133.0
Trd, 009607.300, 135.0
Trd, 009607.525, 119
Trd, 009607.587, 101.0
Trd, 009608.062, 108
Trd, 009608.800, 120
Trd, 009610.737, 116.0
Trd, 009618.937, 99
Trd, 009623.725, 118
Trd, 009636.850, 54.0
Trd, 009637.000, 60.0
Trd, 009637.075, 97.0
Trd, 009637.150, 64
Trd, 009637.200, 132.0
Trd, 009637.512, 125.0
Trd, 009637.975, 138.0
Trd, 009638.388, 137.0
Trd, 009638.475, 124
Trd, 009645.413, 130
Trd, 009646.225, 115.0
Trd, 009646.888, 115
Trd, 009656.213, 109
Trd, 009661.950, 100.0
Trd, 009663.175, 106
Trd, 009666.838, 107
Trd, 009666.900, 132.0
Trd, 009667.088, 131
Trd, 009667.388, 117
Trd, 009667.513, 105
Trd, 009667.663, 101
