Trd, 000030.160, 99
Trd, 000030.200, 131
Trd, 000030.480, 114
Trd, 000030.540, 134
Trd, 000030.840, 79
Trd, 000031.500, 133
Trd, 000031.540, 138
Trd, 000033.360, 147
Trd, 000036.320, 132
Trd, 000039.740, 164
Trd, 000040.280, 127
Trd, 000053.560, 155
Trd, 000060.060, 84
Trd, 000060.320, 111
Trd, 000060.560, 135
Trd, 000060.740, 134
Trd, 000060.780, 135
Trd, 000060.860, 136
Trd, 000062.120, 161
Trd, 000064.720, 165
Trd, 000067.880, 161
Trd, 000072.900, 162
Trd, 000090.380, 167
Trd, 000090.420, 184
Trd, 000090.700, 142
Trd, 000090.880, 171
Trd, 000091.080, 129
Trd, 000092.800, 138
Trd, 000093.080, 162
Trd, 000093.240, 143
Trd, 000093.780, 143
Trd, 000120.540, 121
Trd, 000120.600, 101
Trd, 000120.860, 102
Trd, 000121.500, 128
Trd, 000121.580, 111
Trd, 000121.740, 155
Trd, 000122.760, 143
Trd, 000127.420, 140
Trd, 000137.880, 139
Trd, 000150.180, 159
Trd, 000150.500, 121
Trd, 000150.620, 129
Trd, 000151.180, 127
Trd, 000151.220, 122
Trd, 000151.280, 129
Trd, 000153.340, 135
Trd, 000153.720, 117
Trd, 000169.020, 145
Trd, 000179.040, 129
Trd, 000180.260, 152
Trd, 000180.340, 183
Trd, 000180.580, 148
Trd, 000180.700, 142
Trd, 000180.780, 110
Trd, 000180.940, 145
Trd, 000181.640, 175
Trd, 000181.720, 162
Trd, 000184.520, 158
Trd, 000187.720, 146
Trd, 000210.500, 152
Trd, 000210.540, 152
Trd, 000210.800, 101
Trd, 000210.820, 132
Trd, 000211.140, 135
Trd, 000212.000, 159
Trd, 000213.320, 134
Trd, 000238.340, 167
Trd, 000240.340, 132
Trd, 000240.540, 81
Trd, 000240.820, 129
Trd, 000241.240, 154
Trd, 000241.920, 154
Trd, 000242.220, 145
Trd, 000242.320, 158
Trd, 000245.640, 157
Trd, 000247.040, 172
Trd, 000252.940, 158
Trd, 000265.560, 146
Trd, 000266.320, 153
Trd, 000270.780, 157
Trd, 000271.320, 155
Trd, 000271.460, 153
Trd, 000271.720, 161
Trd, 000272.640, 171
Trd, 000273.720, 152
Trd, 000273.840, 131
Trd, 000280.260, 169
Trd, 000282.160, 172
Trd, 000298.320, 150
Trd, 000300.540, 126
Trd, 000301.080, 110
Trd, 000301.160, 123
Trd, 000301.360, 147
Trd, 000301.560, 136
Trd, 000301.580, 106
Trd, 000301.640, 145
Trd, 000302.580, 153
Trd, 000303.340, 157
Trd, 000303.420, 148
Trd, 000310.040, 147
Trd, 000330.380, 112
Trd, 000330.860, 126
Trd, 000331.340, 138
Trd, 000331.540, 146
Trd, 000332.160, 160
Trd, 000332.580, 150
Trd, 000334.460, 156
Trd, 000335.360, 152
Trd, 000342.900, 120
Trd, 000344.840, 155
Trd, 000360.680, 196
Trd, 000360.740, 147
Trd, 000360.960, 144
Trd, 000361.280, 182
Trd, 000362.040, 171
Trd, 000362.400, 159
Trd, 000363.000, 166
Trd, 000367.400, 141
Trd, 000368.600, 133
Trd, 000377.560, 136
Trd, 000378.080, 134
Trd, 000390.660, 194
Trd, 000390.760, 189
Trd, 000390.800, 119
Trd, 000390.940, 117
Trd, 000391.240, 122
Trd, 000391.420, 109
Trd, 000391.440, 98
Trd, 000391.760, 148
Trd, 000392.380, 116
Trd, 000393.680, 147
Trd, 000395.680, 134
Trd, 000420.500, 172
Trd, 000420.860, 134
Trd, 000420.900, 107
Trd, 000421.120, 191
Trd, 000421.160, 166
Trd, 000421.340, 163
Trd, 000422.400, 171
Trd, 000422.660, 160
Trd, 000428.600, 152
Trd, 000433.960, 169
Trd, 000441.620, 173
Trd, 000450.640, 133
Trd, 000450.780, 185
Trd, 000450.900, 165
Trd, 000451.080, 159
Trd, 000452.200, 164
Trd, 000452.340, 150
Trd, 000452.560, 169
Trd, 000452.680, 167
Trd, 000455.440, 149
Trd, 000461.240, 169
Trd, 000467.080, 164
Trd, 000473.600, 129
Trd, 000480.560, 110
Trd, 000480.740, 94
Trd, 000480.860, 99
Trd, 000480.940, 108
Trd, 000480.960, 170
Trd, 000481.040, 103
Trd, 000481.620, 130
Trd, 000483.080, 158
Trd, 000485.920, 157
Trd, 000489.720, 154
Trd, 000490.480, 149
Trd, 000510.640, 196
Trd, 000511.460, 159
Trd, 000511.900, 169
Trd, 000513.080, 155
Trd, 000513.760, 169
Trd, 000514.240, 153
Trd, 000514.460, 145
Trd, 000517.300, 171
Trd, 000523.040, 142
Trd, 000530.980, 146
Trd, 000535.780, 141
Trd, 000541.140, 116
Trd, 000541.260, 144
Trd, 000541.380, 148
Trd, 000541.500, 155
Trd, 000541.540, 132
Trd, 000541.800, 133
Trd, 000541.980, 111
Trd, 000542.680, 143
Trd, 000543.680, 145
Trd, 000552.760, 167
Trd, 000559.160, 158
Trd, 000570.800, 176
Trd, 000570.960, 136
Trd, 000571.080, 147
Trd, 000572.040, 144
Trd, 000572.080, 132
Trd, 000572.360, 164
Trd, 000572.600, 129
Trd, 000572.960, 128
Trd, 000575.600, 152
Trd, 000593.400, 149
Trd, 000600.920, 98
Trd, 000600.940, 117
Trd, 000601.020, 143
Trd, 000601.140, 92
Trd, 000601.340, 146
Trd, 000601.620, 137
Trd, 000601.900, 126
Trd, 000602.020, 135
Trd, 000609.460, 143
Trd, 000630.880, 89
Trd, 000631.280, 156
Trd, 000631.740, 168
Trd, 000632.020, 189
Trd, 000633.280, 165
Trd, 000633.380, 151
Trd, 000634.420, 166
Trd, 000639.420, 154
Trd, 000639.440, 151
Trd, 000641.360, 150
Trd, 000648.340, 153
Trd, 000656.460, 142
Trd, 000661.000, 123
Trd, 000661.460, 149
Trd, 000661.820, 168
Trd, 000662.740, 156
Trd, 000662.960, 152
Trd, 000663.140, 157
Trd, 000663.380, 148
Trd, 000664.280, 161
Trd, 000691.140, 154
Trd, 000692.740, 158
Trd, 000694.940, 154
Trd, 000700.020, 153
Trd, 000700.860, 132
Trd, 000717.620, 128
Trd, 000721.020, 96
Trd, 000721.300, 107
Trd, 000721.340, 134
Trd, 000721.400, 102
Trd, 000721.440, 156
Trd, 000722.400, 158
Trd, 000722.540, 155
Trd, 000725.200, 119
Trd, 000729.900, 138
Trd, 000731.660, 107
Trd, 000750.960, 134
Trd, 000751.700, 135
Trd, 000752.620, 154
Trd, 000753.040, 154
Trd, 000753.080, 156
Trd, 000753.320, 138
Trd, 000764.040, 150
Trd, 000764.140, 151
Trd, 000766.920, 151
Trd, 000772.540, 138
Trd, 000780.960, 108
Trd, 000781.340, 197
Trd, 000781.480, 173
Trd, 000781.800, 141
Trd, 000781.860, 139
Trd, 000782.220, 168
Trd, 000790.880, 125
Trd, 000792.400, 143
Trd, 000810.560, 134
Trd, 000811.220, 141
Trd, 000811.700, 140
Trd, 000811.740, 132
Trd, 000811.800, 162
Trd, 000811.860, 131
Trd, 000812.080, 131
Trd, 000812.760, 140
Trd, 000813.200, 139
Trd, 000814.300, 143
Trd, 000817.120, 134
Trd, 000817.720, 145
Trd, 000819.420, 121
Trd, 000824.100, 127
Trd, 000831.860, 99
Trd, 000841.120, 118
Trd, 000841.140, 138
Trd, 000841.320, 181
Trd, 000841.680, 174
Trd, 000842.140, 174
Trd, 000842.980, 172
Trd, 000846.560, 177
Trd, 000847.680, 163
Trd, 000848.980, 159
Trd, 000849.280, 154
Trd, 000871.320, 167
Trd, 000871.500, 157
Trd, 000871.640, 137
Trd, 000872.560, 152
Trd, 000872.640, 173
Trd, 000874.060, 142
Trd, 000879.480, 137
Trd, 000885.660, 136
Trd, 000901.220, 88
Trd, 000901.260, 134
Trd, 000901.580, 163
Trd, 000902.120, 156
Trd, 000902.160, 166
Trd, 000902.480, 159
Trd, 000902.520, 170
Trd, 000903.460, 160
Trd, 000904.220, 140
Trd, 000906.860, 159
Trd, 000917.580, 141
Trd, 000931.500, 181
Trd, 000931.940, 184
Trd, 000932.500, 179
Trd, 000932.700, 167
Trd, 000933.180, 158
Trd, 000933.360, 124
Trd, 000959.440, 156
Trd, 000961.240, 111
Trd, 000961.540, 120
Trd, 000961.600, 86
Trd, 000961.740, 108
Trd, 000962.100, 114
Trd, 000962.400, 115
Trd, 000962.680, 146
Trd, 000962.940, 112
Trd, 000967.100, 150
Trd, 000971.040, 129
Trd, 000991.340, 191
Trd, 000991.520, 197
Trd, 000991.700, 171
Trd, 000991.860, 154
Trd, 000991.980, 140
Trd, 000992.800, 133
Trd, 000993.540, 150
Trd, 000993.680, 154
Trd, 000995.800, 125
Trd, 000999.540, 152
Trd, 001021.280, 94
Trd, 001021.480, 161
Trd, 001021.520, 150
Trd, 001021.900, 185
Trd, 001022.060, 176
Trd, 001023.700, 136
Trd, 001026.720, 128
Trd, 001051.740, 156
Trd, 001051.920, 160
Trd, 001052.480, 117
Trd, 001053.140, 165
Trd, 001053.260, 148
Trd, 001054.200, 137
Trd, 001055.140, 112
Trd, 001067.380, 141
Trd, 001081.380, 108
Trd, 001081.440, 91
Trd, 001081.700, 105
Trd, 001081.760, 146
Trd, 001081.880, 167
Trd, 001082.100, 169
Trd, 001082.240, 157
Trd, 001082.460, 171
Trd, 001083.160, 143
Trd, 001106.000, 137
Trd, 001108.780, 145
Trd, 001111.540, 147
Trd, 001111.620, 125
Trd, 001111.840, 126
Trd, 001112.100, 123
Trd, 001112.120, 111
Trd, 001112.260, 142
Trd, 001112.340, 131
Trd, 001112.780, 116
Trd, 001123.440, 135
Trd, 001141.520, 91
Trd, 001141.620, 95
Trd, 001141.700, 131
Trd, 001141.720, 121
Trd, 001142.260, 120
Trd, 001142.580, 121
Trd, 001142.640, 169
Trd, 001150.920, 139
Trd, 001162.000, 128
Trd, 001162.280, 125
Trd, 001168.660, 146
Trd, 001171.520, 125
Trd, 001171.560, 126
Trd, 001171.680, 97
Trd, 001171.780, 144
Trd, 001172.220, 169
Trd, 001172.420, 151
Trd, 001172.580, 167
Trd, 001173.400, 173
Trd, 001174.860, 165
Trd, 001175.140, 146
Trd, 001176.340, 149
Trd, 001185.800, 146
Trd, 001201.980, 183
Trd, 001202.380, 172
Trd, 001202.680, 145
Trd, 001202.840, 178
Trd, 001203.760, 150
Trd, 001204.180, 139
Trd, 001206.140, 139
Trd, 001209.560, 140
Trd, 001213.700, 139
Trd, 001222.660, 150
Trd, 001231.740, 139
Trd, 001231.880, 151
Trd, 001232.100, 145
Trd, 001232.320, 129
Trd, 001232.720, 166
Trd, 001234.500, 156
Trd, 001234.580, 143
Trd, 001239.320, 158
Trd, 001250.560, 168
Trd, 001253.340, 130
Trd, 001262.000, 120
Trd, 001262.040, 134
Trd, 001262.380, 156
Trd, 001263.440, 135
Trd, 001263.780, 138
Trd, 001264.700, 126
Trd, 001264.940, 130
Trd, 001267.140, 137
Trd, 001270.520, 114
Trd, 001291.700, 91
Trd, 001292.980, 164
Trd, 001293.740, 185
Trd, 001294.760, 183
Trd, 001296.260, 158
Trd, 001297.440, 169
Trd, 001303.160, 163
Trd, 001321.860, 171
Trd, 001321.980, 153
Trd, 001322.120, 102
Trd, 001322.300, 185
Trd, 001322.420, 172
Trd, 001322.940, 150
Trd, 001324.340, 156
Trd, 001325.740, 155
Trd, 001344.520, 143
Trd, 001352.040, 138
Trd, 001352.240, 141
Trd, 001352.340, 131
Trd, 001352.440, 155
Trd, 001352.700, 150
Trd, 001352.840, 150
Trd, 001354.760, 154
Trd, 001356.000, 158
Trd, 001365.540, 138
Trd, 001366.720, 128
Trd, 001381.880, 170
Trd, 001382.000, 149
Trd, 001382.180, 151
Trd, 001382.420, 126
Trd, 001382.560, 175
Trd, 001383.240, 159
Trd, 001383.480, 192
Trd, 001384.420, 145
Trd, 001384.680, 125
Trd, 001394.260, 149
Trd, 001408.680, 131
Trd, 001411.840, 126
Trd, 001412.340, 109
Trd, 001412.540, 131
Trd, 001412.640, 124
Trd, 001412.740, 148
Trd, 001412.780, 167
Trd, 001414.540, 147
Trd, 001441.920, 147
Trd, 001441.980, 131
Trd, 001442.040, 133
Trd, 001442.480, 133
Trd, 001442.720, 142
Trd, 001442.920, 155
Trd, 001443.260, 122
Trd, 001443.300, 150
Trd, 001444.640, 151
Trd, 001456.720, 151
Trd, 001467.700, 153
Trd, 001471.980, 175
Trd, 001472.240, 135
Trd, 001473.200, 132
Trd, 001473.600, 123
Trd, 001476.960, 109
Trd, 001478.280, 140
Trd, 001479.520, 143
Trd, 001486.240, 130
Trd, 001488.160, 128
Trd, 001498.500, 159
Trd, 001501.940, 147
Trd, 001502.060, 152
Trd, 001503.120, 146
Trd, 001503.140, 152
Trd, 001503.180, 153
Trd, 001503.740, 141
Trd, 001504.580, 146
Trd, 001504.960, 141
Trd, 001532.140, 127
Trd, 001532.160, 138
Trd, 001532.220, 140
Trd, 001532.400, 141
Trd, 001532.420, 125
Trd, 001532.660, 179
Trd, 001533.040, 180
Trd, 001533.140, 176
Trd, 001533.700, 170
Trd, 001534.080, 166
Trd, 001534.460, 160
Trd, 001535.220, 145
Trd, 001547.500, 142
Trd, 001562.000, 143
Trd, 001562.240, 196
Trd, 001562.320, 171
Trd, 001562.840, 155
Trd, 001565.620, 162
Trd, 001565.660, 160
Trd, 001565.740, 168
Trd, 001567.160, 161
Trd, 001592.220, 155
Trd, 001592.300, 161
Trd, 001592.620, 115
Trd, 001592.680, 162
Trd, 001592.960, 156
Trd, 001593.000, 143
Trd, 001593.580, 139
Trd, 001594.920, 125
Trd, 001604.520, 167
Trd, 001604.760, 135
Trd, 001608.900, 158
Trd, 001622.140, 194
Trd, 001622.440, 147
Trd, 001622.480, 136
Trd, 001622.580, 150
Trd, 001622.840, 124
Trd, 001623.540, 116
Trd, 001626.680, 165
Trd, 001630.180, 150
Trd, 001632.660, 124
Trd, 001646.760, 122
Trd, 001652.320, 176
Trd, 001652.400, 189
Trd, 001652.560, 175
Trd, 001652.660, 126
Trd, 001652.780, 108
Trd, 001652.900, 113
Trd, 001658.180, 159
Trd, 001658.740, 157
Trd, 001665.840, 159
Trd, 001673.180, 117
Trd, 001674.180, 131
Trd, 001682.240, 180
Trd, 001682.300, 147
Trd, 001682.360, 194
Trd, 001682.900, 144
Trd, 001683.000, 137
Trd, 001683.120, 135
Trd, 001683.340, 149
Trd, 001683.540, 148
Trd, 001683.640, 164
Trd, 001683.740, 153
Trd, 001686.680, 141
Trd, 001694.100, 157
Trd, 001700.340, 132
Trd, 001712.260, 150
Trd, 001712.780, 140
Trd, 001713.220, 138
Trd, 001713.520, 131
Trd, 001713.560, 141
Trd, 001714.160, 145
Trd, 001714.380, 149
Trd, 001718.060, 160
Trd, 001723.140, 149
Trd, 001742.280, 138
Trd, 001742.820, 118
Trd, 001742.980, 172
Trd, 001743.160, 174
Trd, 001743.540, 184
Trd, 001744.920, 139
Trd, 001745.620, 158
Trd, 001746.060, 129
Trd, 001748.240, 159
Trd, 001772.440, 94
Trd, 001773.100, 104
Trd, 001773.120, 126
Trd, 001773.320, 126
Trd, 001774.340, 144
Trd, 001774.500, 154
Trd, 001775.340, 157
Trd, 001781.360, 158
Trd, 001783.700, 145
Trd, 001788.000, 155
Trd, 001802.640, 141
Trd, 001802.740, 126
Trd, 001802.960, 121
Trd, 001803.680, 114
Trd, 001803.920, 172
Trd, 001804.100, 146
Trd, 001804.740, 173
Trd, 001805.680, 120
Trd, 001810.460, 149
Trd, 001813.000, 149
Trd, 001832.540, 129
Trd, 001833.500, 123
Trd, 001833.860, 126
Trd, 001834.000, 121
Trd, 001834.180, 121
Trd, 001834.480, 136
Trd, 001835.180, 113
Trd, 001845.740, 134
Trd, 001849.520, 132
Trd, 001854.160, 128
Trd, 001862.460, 120
Trd, 001862.800, 132
Trd, 001863.000, 101
Trd, 001863.180, 162
Trd, 001863.900, 142
Trd, 001864.660, 129
Trd, 001865.020, 124
Trd, 001865.960, 111
Trd, 001892.500, 141
Trd, 001892.520, 136
Trd, 001892.560, 77
Trd, 001892.820, 116
Trd, 001893.420, 137
Trd, 001894.020, 178
Trd, 001900.020, 121
Trd, 001903.280, 133
Trd, 001906.640, 133
Trd, 001922.540, 131
Trd, 001922.760, 117
Trd, 001922.900, 169
Trd, 001923.220, 132
Trd, 001923.400, 166
Trd, 001923.680, 124
Trd, 001925.940, 124
Trd, 001953.120, 171
Trd, 001953.240, 162
Trd, 001953.940, 164
Trd, 001953.960, 147
Trd, 001954.180, 160
Trd, 001954.940, 149
Trd, 001957.600, 145
Trd, 001978.080, 142
Trd, 001982.580, 88
Trd, 001982.700, 115
Trd, 001982.800, 142
Trd, 001982.900, 111
Trd, 001982.940, 143
Trd, 001983.180, 92
Trd, 001983.240, 166
Trd, 001984.060, 174
Trd, 001984.900, 140
Trd, 001993.280, 131
Trd, 001998.880, 144
Trd, 002013.140, 166
Trd, 002013.240, 157
Trd, 002013.360, 157
Trd, 002013.440, 131
Trd, 002013.960, 136
Trd, 002014.040, 130
Trd, 002014.180, 144
Trd, 002014.920, 125
Trd, 002016.140, 148
Trd, 002016.340, 123
Trd, 002019.620, 148
Trd, 002039.800, 150
Trd, 002042.940, 83
Trd, 002043.140, 105
Trd, 002043.160, 172
Trd, 002043.540, 155
Trd, 002043.580, 139
Trd, 002043.760, 128
Trd, 002044.540, 146
Trd, 002049.520, 160
Trd, 002052.820, 165
Trd, 002057.780, 161
Trd, 002072.780, 118
Trd, 002073.180, 136
Trd, 002073.260, 140
Trd, 002073.440, 159
Trd, 002073.480, 186
Trd, 002073.540, 121
Trd, 002073.560, 188
Trd, 002073.580, 118
Trd, 002073.980, 176
Trd, 002075.760, 164
Trd, 002075.840, 178
Trd, 002078.520, 145
Trd, 002093.360, 152
Trd, 002102.760, 140
Trd, 002102.820, 123
Trd, 002103.180, 133
Trd, 002103.300, 116
Trd, 002103.360, 138
Trd, 002103.420, 142
Trd, 002103.740, 115
Trd, 002103.800, 106
Trd, 002104.500, 151
Trd, 002104.900, 145
Trd, 002111.020, 154
Trd, 002116.980, 148
Trd, 002118.700, 144
Trd, 002133.000, 149
Trd, 002133.260, 142
Trd, 002133.400, 181
Trd, 002133.800, 173
Trd, 002133.880, 160
Trd, 002134.900, 189
Trd, 002135.220, 157
Trd, 002135.700, 138
Trd, 002135.740, 131
Trd, 002143.340, 161
Trd, 002153.140, 156
Trd, 002162.820, 185
Trd, 002162.980, 199
Trd, 002163.080, 77
Trd, 002163.220, 167
Trd, 002163.500, 162
Trd, 002163.940, 148
Trd, 002165.320, 128
Trd, 002166.940, 142
Trd, 002169.920, 151
Trd, 002183.780, 155
Trd, 002192.820, 102
Trd, 002193.320, 167
Trd, 002193.460, 184
Trd, 002193.480, 150
Trd, 002193.860, 129
Trd, 002194.200, 152
Trd, 002195.840, 158
Trd, 002198.000, 153
Trd, 002204.320, 151
Trd, 002215.100, 132
Trd, 002222.920, 125
Trd, 002223.080, 164
Trd, 002223.600, 169
Trd, 002223.960, 155
Trd, 002224.320, 129
Trd, 002225.220, 142
Trd, 002227.340, 142
Trd, 002228.580, 145
Trd, 002229.340, 145
Trd, 002232.780, 146
Trd, 002233.480, 135
Trd, 002236.220, 165
Trd, 002252.980, 92
Trd, 002253.260, 163
Trd, 002254.060, 136
Trd, 002254.160, 125
Trd, 002254.220, 148
Trd, 002254.780, 123
Trd, 002256.600, 142
Trd, 002257.860, 107
Trd, 002260.720, 121
Trd, 002283.080, 149
Trd, 002283.140, 159
Trd, 002283.680, 180
Trd, 002284.160, 159
Trd, 002284.700, 149
Trd, 002285.180, 161
Trd, 002285.240, 147
Trd, 002287.400, 144
Trd, 002288.720, 160
Trd, 002303.000, 175
Trd, 002312.980, 138
Trd, 002313.380, 124
Trd, 002313.480, 121
Trd, 002313.500, 129
Trd, 002313.680, 129
Trd, 002313.940, 149
Trd, 002314.600, 139
Trd, 002315.160, 137
Trd, 002317.940, 172
Trd, 002318.880, 150
Trd, 002343.160, 181
Trd, 002343.300, 165
Trd, 002343.800, 145
Trd, 002344.000, 111
Trd, 002344.140, 125
Trd, 002344.700, 148
Trd, 002344.940, 158
Trd, 002345.020, 131
Trd, 002345.680, 171
Trd, 002346.400, 151
Trd, 002352.320, 165
Trd, 002358.760, 126
Trd, 002364.220, 121
Trd, 002373.240, 196
Trd, 002373.260, 189
Trd, 002373.460, 179
Trd, 002373.560, 142
Trd, 002373.640, 145
Trd, 002373.680, 137
Trd, 002374.480, 108
Trd, 002379.700, 145
Trd, 002382.940, 144
Trd, 002403.360, 167
Trd, 002403.600, 169
Trd, 002404.020, 154
Trd, 002404.180, 140
Trd, 002404.760, 121
Trd, 002404.900, 124
Trd, 002406.120, 128
Trd, 002408.300, 161
Trd, 002410.780, 175
Trd, 002433.160, 116
Trd, 002433.180, 94
Trd, 002433.300, 185
Trd, 002433.480, 164
Trd, 002433.560, 167
Trd, 002433.840, 128
Trd, 002434.220, 133
Trd, 002437.820, 129
Trd, 002443.380, 157
Trd, 002453.940, 155
Trd, 002458.940, 165
Trd, 002463.560, 97
Trd, 002463.640, 126
Trd, 002464.400, 137
Trd, 002464.800, 124
Trd, 002465.080, 138
Trd, 002466.040, 146
Trd, 002483.940, 126
Trd, 002493.260, 138
Trd, 002493.660, 159
Trd, 002493.700, 171
Trd, 002493.920, 156
Trd, 002494.040, 160
Trd, 002494.220, 161
Trd, 002494.240, 135
Trd, 002494.500, 126
Trd, 002495.180, 176
Trd, 002495.360, 145
Trd, 002497.500, 166
Trd, 002523.380, 150
Trd, 002523.540, 134
Trd, 002523.720, 186
Trd, 002523.800, 154
Trd, 002524.080, 179
Trd, 002524.740, 157
Trd, 002525.040, 158
Trd, 002525.620, 131
Trd, 002525.820, 164
Trd, 002538.220, 115
Trd, 002544.280, 134
Trd, 002553.380, 149
Trd, 002553.700, 102
Trd, 002553.980, 165
Trd, 002554.500, 169
Trd, 002555.120, 176
Trd, 002556.200, 164
Trd, 002558.280, 156
Trd, 002564.880, 152
Trd, 002568.580, 152
Trd, 002583.500, 144
Trd, 002583.520, 160
Trd, 002584.180, 173
Trd, 002584.520, 165
Trd, 002585.340, 139
Trd, 002590.300, 179
Trd, 002591.180, 162
Trd, 002596.800, 134
Trd, 002613.520, 186
Trd, 002613.600, 102
Trd, 002613.660, 129
Trd, 002614.940, 155
Trd, 002615.040, 149
Trd, 002618.040, 157
Trd, 002618.940, 155
Trd, 002623.440, 166
Trd, 002636.720, 145
Trd, 002643.640, 127
Trd, 002643.760, 138
Trd, 002644.000, 137
Trd, 002644.280, 127
Trd, 002644.300, 141
Trd, 002644.800, 125
Trd, 002644.940, 161
Trd, 002646.180, 166
Trd, 002647.020, 158
Trd, 002647.420, 155
Trd, 002653.460, 123
Trd, 002673.600, 177
Trd, 002673.700, 164
Trd, 002673.960, 151
Trd, 002674.120, 146
Trd, 002674.200, 145
Trd, 002674.400, 144
Trd, 002677.320, 122
Trd, 002679.260, 105
Trd, 002679.480, 116
Trd, 002681.780, 128
Trd, 002703.600, 105
Trd, 002703.760, 123
Trd, 002704.100, 168
Trd, 002704.700, 163
Trd, 002705.460, 180
Trd, 002706.140, 162
Trd, 002708.120, 152
Trd, 002713.600, 173
Trd, 002724.040, 147
Trd, 002734.260, 158
Trd, 002734.460, 155
Trd, 002735.220, 148
Trd, 002735.540, 156
Trd, 002737.100, 156
Trd, 002737.560, 147
Trd, 002738.960, 149
Trd, 002742.220, 149
Trd, 002742.940, 148
Trd, 002748.720, 155
Trd, 002749.900, 138
Trd, 002763.920, 107
Trd, 002764.180, 130
Trd, 002764.560, 134
Trd, 002764.900, 151
Trd, 002764.940, 153
Trd, 002766.080, 153
Trd, 002766.800, 154
Trd, 002769.180, 158
Trd, 002771.620, 145
Trd, 002794.220, 134
Trd, 002794.660, 158
Trd, 002795.000, 147
Trd, 002795.280, 164
Trd, 002795.500, 167
Trd, 002795.700, 144
Trd, 002796.020, 168
Trd, 002804.620, 149
Trd, 002817.800, 142
Trd, 002823.780, 119
Trd, 002823.900, 153
Trd, 002824.460, 162
Trd, 002824.540, 141
Trd, 002824.560, 141
Trd, 002825.060, 173
Trd, 002825.460, 163
Trd, 002825.940, 129
Trd, 002836.080, 125
Trd, 002851.200, 157
Trd, 002853.940, 152
Trd, 002854.040, 180
Trd, 002854.120, 134
Trd, 002854.220, 165
Trd, 002855.360, 174
Trd, 002856.020, 148
Trd, 002856.200, 147
Trd, 002860.180, 168
Trd, 002868.220, 146
Trd, 002868.820, 161
Trd, 002876.020, 183
Trd, 002883.980, 126
Trd, 002884.040, 137
Trd, 002884.800, 162
Trd, 002885.180, 148
Trd, 002885.300, 163
Trd, 002885.420, 163
Trd, 002887.480, 164
Trd, 002897.260, 137
Trd, 002898.100, 144
Trd, 002899.000, 143
Trd, 002908.680, 163
Trd, 002913.880, 145
Trd, 002914.100, 146
Trd, 002914.200, 140
Trd, 002914.680, 143
Trd, 002914.960, 131
Trd, 002915.620, 146
Trd, 002916.200, 99
Trd, 002916.920, 165
Trd, 002928.040, 135
Trd, 002943.860, 86
Trd, 002944.160, 141
Trd, 002945.180, 160
Trd, 002945.260, 168
Trd, 002947.300, 162
Trd, 002950.160, 163
Trd, 002950.480, 148
Trd, 002953.660, 160
Trd, 002964.400, 146
Trd, 002973.200, 145
Trd, 002973.880, 103
Trd, 002975.600, 150
Trd, 002975.780, 153
Trd, 002976.280, 155
Trd, 002976.580, 146
Trd, 002977.920, 148
Trd, 002978.040, 156
Trd, 002990.880, 155
Trd, 003003.900, 147
Trd, 003004.300, 138
Trd, 003004.580, 139
Trd, 003004.840, 140
Trd, 003005.460, 168
Trd, 003006.260, 170
Trd, 003007.200, 163
Trd, 003015.620, 172
Trd, 003033.940, 103
Trd, 003034.080, 173
Trd, 003034.220, 120
Trd, 003034.260, 124
Trd, 003034.340, 126
Trd, 003034.680, 174
Trd, 003034.920, 168
Trd, 003036.480, 175
Trd, 003040.360, 157
Trd, 003052.140, 165
Trd, 003064.080, 132
Trd, 003064.240, 179
Trd, 003064.440, 165
Trd, 003064.580, 164
Trd, 003066.180, 162
Trd, 003071.720, 170
Trd, 003081.340, 171
Trd, 003087.840, 163
Trd, 003094.100, 101
Trd, 003094.360, 133
Trd, 003094.560, 143
Trd, 003095.640, 140
Trd, 003104.920, 178
Trd, 003105.540, 151
Trd, 003112.720, 170
Trd, 003123.340, 145
Trd, 003124.100, 97
Trd, 003124.320, 143
Trd, 003125.080, 152
Trd, 003125.620, 147
Trd, 003127.160, 153
Trd, 003129.700, 142
Trd, 003132.420, 141
Trd, 003132.660, 156
Trd, 003137.440, 162
Trd, 003137.780, 138
Trd, 003154.280, 116
Trd, 003154.640, 97
Trd, 003154.800, 99
Trd, 003154.840, 126
Trd, 003155.160, 128
Trd, 003155.600, 138
Trd, 003162.600, 123
Trd, 003169.040, 133
Trd, 003184.360, 109
Trd, 003184.600, 180
Trd, 003184.860, 191
Trd, 003185.040, 181
Trd, 003185.160, 195
Trd, 003185.680, 192
Trd, 003185.980, 165
Trd, 003186.300, 160
Trd, 003189.500, 113
Trd, 003193.000, 110
Trd, 003212.980, 113
Trd, 003214.440, 151
Trd, 003214.580, 148
Trd, 003214.780, 135
Trd, 003214.920, 134
Trd, 003215.280, 127
Trd, 003215.900, 145
Trd, 003221.880, 166
Trd, 003222.100, 178
Trd, 003228.260, 148
Trd, 003230.640, 120
Trd, 003244.340, 157
Trd, 003244.840, 189
Trd, 003244.900, 147
Trd, 003245.220, 164
Trd, 003248.060, 159
Trd, 003257.060, 137
Trd, 003274.540, 165
Trd, 003274.580, 170
Trd, 003275.140, 145
Trd, 003275.420, 143
Trd, 003275.860, 155
Trd, 003277.300, 159
Trd, 003304.400, 88
Trd, 003304.520, 87
Trd, 003304.540, 147
Trd, 003304.900, 128
Trd, 003305.080, 164
Trd, 003306.460, 105
Trd, 003310.960, 147
Trd, 003312.840, 144
Trd, 003313.820, 130
Trd, 003313.920, 103
Trd, 003334.380, 193
Trd, 003334.600, 162
Trd, 003334.740, 127
Trd, 003335.000, 145
Trd, 003335.520, 159
Trd, 003336.300, 172
Trd, 003337.040, 137
Trd, 003337.180, 159
Trd, 003339.900, 144
Trd, 003340.940, 151
Trd, 003359.200, 127
Trd, 003364.760, 179
Trd, 003365.140, 129
Trd, 003365.560, 139
Trd, 003366.480, 138
Trd, 003366.940, 137
Trd, 003367.600, 155
Trd, 003368.120, 161
Trd, 003392.540, 145
Trd, 003394.720, 165
Trd, 003394.900, 153
Trd, 003395.420, 166
Trd, 003395.440, 151
Trd, 003395.680, 151
Trd, 003397.080, 162
Trd, 003397.480, 147
Trd, 003401.340, 174
Trd, 003413.460, 152
Trd, 003422.360, 175
Trd, 003424.680, 166
Trd, 003424.800, 168
Trd, 003425.180, 166
Trd, 003425.540, 138
Trd, 003426.400, 123
Trd, 003426.800, 132
Trd, 003427.720, 137
Trd, 003430.800, 138
Trd, 003431.760, 134
Trd, 003440.000, 127
Trd, 003454.700, 131
Trd, 003454.760, 108
Trd, 003455.220, 160
Trd, 003455.440, 175
Trd, 003455.480, 146
Trd, 003455.640, 138
Trd, 003455.920, 139
Trd, 003461.220, 161
Trd, 003462.160, 145
Trd, 003466.100, 139
Trd, 003483.220, 144
Trd, 003484.820, 130
Trd, 003484.900, 127
Trd, 003485.100, 144
Trd, 003485.120, 135
Trd, 003485.160, 122
Trd, 003485.500, 120
Trd, 003485.900, 113
Trd, 003486.480, 146
Trd, 003491.520, 143
Trd, 003514.740, 180
Trd, 003514.860, 147
Trd, 003515.400, 139
Trd, 003516.000, 129
Trd, 003516.320, 160
Trd, 003516.960, 139
Trd, 003518.400, 133
Trd, 003544.660, 120
Trd, 003544.700, 158
Trd, 003545.020, 118
Trd, 003545.100, 117
Trd, 003545.120, 139
Trd, 003545.300, 97
Trd, 003546.960, 151
Trd, 003547.320, 152
Trd, 003548.920, 146
Trd, 003560.740, 135
Trd, 003569.480, 169
Trd, 003571.720, 133
Trd, 003574.840, 148
Trd, 003575.000, 154
Trd, 003575.320, 113
Trd, 003575.400, 190
Trd, 003576.320, 145
Trd, 003578.680, 160
Trd, 003584.000, 165
Trd, 003591.740, 169
Trd, 003598.620, 159
Trd, 003604.800, 189
Trd, 003604.880, 142
Trd, 003605.280, 190
Trd, 003605.700, 179
Trd, 003606.360, 155
Trd, 003608.240, 140
Trd, 003609.220, 150
Trd, 003611.280, 141
Trd, 003634.740, 161
Trd, 003635.040, 156
Trd, 003635.080, 142
Trd, 003635.280, 178
Trd, 003635.660, 188
Trd, 003635.760, 172
Trd, 003636.160, 187
Trd, 003638.140, 136
Trd, 003645.840, 128
Trd, 003648.680, 182
Trd, 003664.860, 137
Trd, 003664.880, 174
Trd, 003664.940, 115
Trd, 003665.080, 97
Trd, 003665.280, 136
Trd, 003665.380, 161
Trd, 003666.320, 137
Trd, 003666.360, 145
Trd, 003667.320, 129
Trd, 003680.720, 139
Trd, 003686.920, 146
Trd, 003695.240, 124
Trd, 003695.480, 133
Trd, 003695.500, 126
Trd, 003696.540, 146
Trd, 003696.620, 132
Trd, 003709.460, 141
Trd, 003720.680, 147
Trd, 003724.980, 141
Trd, 003725.180, 135
Trd, 003725.240, 148
Trd, 003725.480, 135
Trd, 003725.680, 154
Trd, 003726.880, 159
Trd, 003727.080, 152
Trd, 003746.420, 162
Trd, 003752.680, 136
Trd, 003754.940, 76
Trd, 003755.020, 131
Trd, 003755.380, 193
Trd, 003755.540, 182
Trd, 003755.640, 168
Trd, 003755.920, 151
Trd, 003756.360, 178
Trd, 003759.860, 157
Trd, 003761.720, 141
Trd, 003764.920, 141
Trd, 003768.020, 154
Trd, 003777.380, 153
Trd, 003785.520, 166
Trd, 003785.800, 155
Trd, 003786.240, 141
Trd, 003786.700, 140
Trd, 003787.960, 161
Trd, 003788.800, 140
Trd, 003791.640, 156
Trd, 003794.960, 138
Trd, 003805.900, 162
Trd, 003815.100, 175
Trd, 003815.380, 129
Trd, 003815.400, 124
Trd, 003815.660, 136
Trd, 003815.780, 182
Trd, 003816.820, 167
Trd, 003817.060, 165
Trd, 003817.560, 147
Trd, 003820.640, 172
Trd, 003828.700, 169
Trd, 003843.800, 141
Trd, 003845.100, 99
Trd, 003845.180, 152
Trd, 003845.320, 138
Trd, 003845.780, 140
Trd, 003846.380, 153
Trd, 003849.120, 152
Trd, 003849.640, 157
Trd, 003850.600, 167
Trd, 003858.460, 163
Trd, 003864.720, 148
Trd, 003867.460, 120
Trd, 003873.340, 110
Trd, 003875.140, 149
Trd, 003875.160, 101
Trd, 003875.400, 111
Trd, 003875.440, 115
Trd, 003875.500, 138
Trd, 003875.800, 143
Trd, 003876.340, 157
Trd, 003877.400, 131
Trd, 003882.340, 154
Trd, 003882.880, 141
Trd, 003905.280, 155
Trd, 003905.380, 198
Trd, 003905.400, 138
Trd, 003905.480, 119
Trd, 003905.960, 149
Trd, 003906.000, 123
Trd, 003906.980, 138
Trd, 003908.200, 138
Trd, 003908.760, 134
Trd, 003909.680, 128
Trd, 003922.500, 123
Trd, 003935.340, 95
Trd, 003935.660, 138
Trd, 003935.720, 130
Trd, 003936.240, 128
Trd, 003936.940, 141
Trd, 003938.260, 153
Trd, 003940.180, 157
Trd, 003945.240, 144
Trd, 003963.740, 138
Trd, 003965.320, 177
Trd, 003965.440, 167
Trd, 003965.520, 157
Trd, 003965.540, 146
Trd, 003966.060, 152
Trd, 003966.900, 139
Trd, 003967.880, 134
Trd, 003972.900, 145
Trd, 003973.780, 138
Trd, 003974.000, 146
Trd, 003977.500, 154
Trd, 003983.540, 154
Trd, 003995.260, 113
Trd, 003995.440, 89
Trd, 003995.640, 99
Trd, 003996.160, 133
Trd, 003996.620, 117
Trd, 004000.920, 123
Trd, 004002.840, 133
Trd, 004006.880, 139
Trd, 004008.920, 141
Trd, 004011.300, 129
Trd, 004018.820, 127
Trd, 004025.460, 190
Trd, 004025.560, 151
Trd, 004025.640, 137
Trd, 004025.840, 135
Trd, 004025.860, 94
Trd, 004026.040, 135
Trd, 004026.600, 101
Trd, 004026.820, 128
Trd, 004029.320, 115
Trd, 004029.880, 131
Trd, 004034.920, 135
Trd, 004036.620, 134
Trd, 004040.640, 117
Trd, 004053.620, 135
Trd, 004055.580, 108
Trd, 004055.960, 130
Trd, 004056.160, 130
Trd, 004056.200, 136
Trd, 004056.360, 130
Trd, 004056.420, 138
Trd, 004056.880, 136
Trd, 004058.400, 143
Trd, 004061.280, 134
Trd, 004064.660, 143
Trd, 004069.320, 154
Trd, 004074.720, 150
Trd, 004085.480, 83
Trd, 004085.500, 124
Trd, 004085.780, 161
Trd, 004086.100, 140
Trd, 004086.140, 164
Trd, 004086.500, 135
Trd, 004086.860, 138
Trd, 004087.040, 135
Trd, 004087.080, 139
Trd, 004087.240, 128
Trd, 004088.300, 131
Trd, 004089.420, 134
Trd, 004090.340, 140
Trd, 004090.880, 144
Trd, 004095.200, 148
Trd, 004100.760, 169
Trd, 004105.280, 126
Trd, 004108.340, 119
Trd, 004115.720, 110
Trd, 004115.800, 116
Trd, 004115.920, 117
Trd, 004115.960, 104
Trd, 004116.440, 158
Trd, 004116.560, 131
Trd, 004116.600, 126
Trd, 004117.080, 154
Trd, 004117.500, 149
Trd, 004118.200, 131
Trd, 004118.220, 130
Trd, 004118.240, 132
Trd, 004118.920, 147
Trd, 004119.660, 158
Trd, 004127.780, 151
Trd, 004140.140, 141
Trd, 004145.560, 132
Trd, 004145.720, 138
Trd, 004145.820, 103
Trd, 004145.960, 136
Trd, 004146.100, 137
Trd, 004146.140, 146
Trd, 004147.540, 148
Trd, 004148.080, 148
Trd, 004152.060, 139
Trd, 004158.720, 145
Trd, 004166.440, 137
Trd, 004175.420, 186
Trd, 004175.480, 130
Trd, 004175.520, 166
Trd, 004175.860, 187
Trd, 004175.960, 178
Trd, 004176.460, 159
Trd, 004177.740, 163
Trd, 004179.000, 157
Trd, 004180.000, 158
Trd, 004182.580, 144
Trd, 004203.980, 143
Trd, 004205.700, 143
Trd, 004205.820, 136
Trd, 004206.620, 137
Trd, 004207.460, 131
Trd, 004207.480, 129
Trd, 004207.780, 135
Trd, 004208.660, 136
Trd, 004208.900, 159
Trd, 004212.340, 154
Trd, 004217.580, 139
Trd, 004227.900, 139
Trd, 004235.740, 111
Trd, 004235.780, 156
Trd, 004236.000, 155
Trd, 004236.080, 107
Trd, 004236.200, 139
Trd, 004236.240, 125
Trd, 004236.860, 138
Trd, 004237.100, 136
Trd, 004237.640, 141
Trd, 004237.680, 135
Trd, 004239.020, 138
Trd, 004239.840, 140
Trd, 004247.540, 154
Trd, 004265.520, 100
Trd, 004266.060, 117
Trd, 004266.100, 112
Trd, 004266.220, 117
Trd, 004266.520, 113
Trd, 004266.760, 119
Trd, 004266.800, 120
Trd, 004267.400, 119
Trd, 004267.780, 117
Trd, 004269.200, 119
Trd, 004274.100, 132
Trd, 004275.000, 136
Trd, 004275.500, 110
Trd, 004295.640, 128
Trd, 004295.740, 129
Trd, 004296.020, 121
Trd, 004296.040, 132
Trd, 004296.680, 146
Trd, 004296.720, 145
Trd, 004297.620, 153
Trd, 004297.880, 157
Trd, 004298.200, 153
Trd, 004298.440, 153
Trd, 004298.500, 157
Trd, 004298.620, 149
Trd, 004302.340, 150
Trd, 004303.440, 129
Trd, 004311.940, 116
Trd, 004322.980, 139
Trd, 004325.620, 145
Trd, 004326.080, 124
Trd, 004326.380, 124
Trd, 004327.020, 128
Trd, 004327.520, 128
Trd, 004327.760, 131
Trd, 004328.700, 132
Trd, 004329.460, 137
Trd, 004331.520, 119
Trd, 004355.620, 97
Trd, 004356.040, 130
Trd, 004356.420, 116
Trd, 004356.520, 119
Trd, 004356.620, 121
Trd, 004358.000, 147
Trd, 004358.200, 152
Trd, 004358.860, 152
Trd, 004359.600, 151
Trd, 004365.800, 115
Trd, 004366.860, 113
Trd, 004371.360, 141
Trd, 004385.600, 189
Trd, 004385.680, 155
Trd, 004385.720, 135
Trd, 004385.800, 110
Trd, 004386.020, 115
Trd, 004386.240, 131
Trd, 004386.300, 135
Trd, 004386.420, 139
Trd, 004387.160, 131
Trd, 004387.220, 139
Trd, 004387.380, 127
Trd, 004390.240, 123
Trd, 004393.400, 151
Trd, 004415.660, 114
Trd, 004415.800, 85
Trd, 004415.980, 114
Trd, 004416.080, 118
Trd, 004416.260, 119
Trd, 004416.580, 108
Trd, 004416.660, 120
Trd, 004416.940, 143
Trd, 004417.220, 143
Trd, 004420.720, 130
Trd, 004425.340, 147
Trd, 004436.580, 140
Trd, 004438.080, 153
Trd, 004445.700, 169
Trd, 004446.280, 136
Trd, 004446.340, 148
Trd, 004446.420, 152
Trd, 004446.820, 156
Trd, 004446.880, 157
Trd, 004446.940, 141
Trd, 004447.060, 171
Trd, 004447.560, 155
Trd, 004447.900, 159
Trd, 004448.300, 173
Trd, 004451.380, 164
Trd, 004455.300, 178
Trd, 004456.180, 181
Trd, 004459.840, 144
Trd, 004464.540, 141
Trd, 004469.780, 156
Trd, 004475.840, 134
Trd, 004476.000, 142
Trd, 004476.100, 132
Trd, 004476.260, 149
Trd, 004476.400, 125
Trd, 004476.560, 145
Trd, 004476.920, 143
Trd, 004478.000, 164
Trd, 004480.160, 149
Trd, 004480.760, 154
Trd, 004488.840, 139
Trd, 004489.800, 135
Trd, 004505.660, 138
Trd, 004505.780, 153
Trd, 004506.120, 168
Trd, 004506.780, 168
Trd, 004506.820, 163
Trd, 004506.860, 162
Trd, 004508.100, 163
Trd, 004508.660, 161
Trd, 004508.740, 159
Trd, 004509.400, 163
Trd, 004509.460, 136
Trd, 004511.080, 163
Trd, 004514.760, 149
Trd, 004519.280, 161
Trd, 004526.960, 131
Trd, 004535.900, 109
Trd, 004535.920, 113
Trd, 004536.360, 151
Trd, 004536.440, 160
Trd, 004536.760, 162
Trd, 004537.060, 164
Trd, 004537.220, 158
Trd, 004538.980, 156
Trd, 004539.280, 157
Trd, 004554.980, 137
Trd, 004565.740, 80
Trd, 004565.760, 81
Trd, 004565.940, 179
Trd, 004566.380, 161
Trd, 004566.500, 165
Trd, 004567.100, 153
Trd, 004567.800, 150
Trd, 004569.180, 153
Trd, 004569.540, 160
Trd, 004592.960, 149
Trd, 004595.880, 125
Trd, 004596.020, 149
Trd, 004596.060, 111
Trd, 004596.500, 127
Trd, 004596.660, 151
Trd, 004596.720, 121
Trd, 004596.980, 148
Trd, 004597.040, 152
Trd, 004597.060, 115
Trd, 004597.360, 119
Trd, 004597.400, 144
Trd, 004597.660, 139
Trd, 004598.040, 158
Trd, 004598.340, 162
Trd, 004599.520, 163
Trd, 004602.660, 162
Trd, 004608.160, 151
Trd, 004612.460, 138
Trd, 004625.800, 198
Trd, 004626.280, 169
Trd, 004626.660, 164
Trd, 004626.760, 162
Trd, 004627.080, 158
Trd, 004627.460, 148
Trd, 004627.600, 146
Trd, 004628.100, 147
Trd, 004629.040, 145
Trd, 004633.800, 146
Trd, 004655.940, 116
Trd, 004655.980, 114
Trd, 004656.040, 118
Trd, 004656.160, 130
Trd, 004656.320, 146
Trd, 004656.600, 135
Trd, 004657.660, 143
Trd, 004657.800, 140
Trd, 004658.020, 132
Trd, 004659.840, 160
Trd, 004669.360, 150
Trd, 004677.780, 132
Trd, 004685.860, 123
Trd, 004686.060, 130
Trd, 004686.520, 143
Trd, 004686.660, 154
Trd, 004687.040, 157
Trd, 004687.160, 161
Trd, 004687.300, 161
Trd, 004687.860, 149
Trd, 004688.500, 148
Trd, 004689.620, 152
Trd, 004689.820, 159
Trd, 004693.880, 159
Trd, 004715.780, 92
Trd, 004715.960, 99
Trd, 004716.060, 104
Trd, 004716.340, 119
Trd, 004716.440, 116
Trd, 004717.540, 121
Trd, 004717.800, 124
Trd, 004717.840, 125
Trd, 004718.200, 134
Trd, 004723.280, 136
Trd, 004726.080, 141
Trd, 004735.220, 147
Trd, 004743.540, 142
Trd, 004745.860, 174
Trd, 004745.960, 106
Trd, 004746.220, 172
Trd, 004746.320, 163
Trd, 004746.520, 156
Trd, 004746.580, 160
Trd, 004747.180, 169
Trd, 004747.220, 150
Trd, 004747.900, 161
Trd, 004747.960, 156
Trd, 004750.960, 157
Trd, 004751.000, 180
Trd, 004767.540, 146
Trd, 004776.120, 129
Trd, 004776.220, 129
Trd, 004776.600, 130
Trd, 004776.640, 134
Trd, 004776.700, 144
Trd, 004776.940, 146
Trd, 004777.100, 151
Trd, 004777.200, 145
Trd, 004777.900, 161
Trd, 004778.360, 169
Trd, 004778.420, 167
Trd, 004780.860, 135
Trd, 004793.440, 136
Trd, 004806.020, 146
Trd, 004806.280, 135
Trd, 004806.460, 140
Trd, 004806.700, 144
Trd, 004806.800, 148
Trd, 004806.980, 157
Trd, 004807.080, 140
Trd, 004807.140, 122
Trd, 004807.200, 163
Trd, 004807.760, 167
Trd, 004807.860, 154
Trd, 004808.660, 152
Trd, 004809.280, 150
Trd, 004835.860, 182
Trd, 004836.180, 155
Trd, 004836.200, 170
Trd, 004836.260, 176
Trd, 004836.800, 139
Trd, 004836.880, 144
Trd, 004837.000, 159
Trd, 004837.240, 156
Trd, 004837.700, 128
Trd, 004838.620, 157
Trd, 004839.140, 159
Trd, 004839.180, 156
Trd, 004841.440, 153
Trd, 004865.920, 105
Trd, 004866.020, 101
Trd, 004866.120, 108
Trd, 004866.180, 102
Trd, 004866.220, 118
Trd, 004866.780, 161
Trd, 004866.960, 142
Trd, 004867.000, 150
Trd, 004867.080, 133
Trd, 004867.400, 137
Trd, 004867.760, 126
Trd, 004868.100, 138
Trd, 004868.140, 145
Trd, 004868.840, 152
Trd, 004869.700, 155
Trd, 004869.760, 156
Trd, 004870.520, 157
Trd, 004896.060, 112
Trd, 004896.380, 129
Trd, 004896.460, 134
Trd, 004896.540, 140
Trd, 004896.600, 116
Trd, 004896.940, 133
Trd, 004897.200, 144
Trd, 004897.260, 125
Trd, 004897.720, 149
Trd, 004898.600, 146
Trd, 004905.200, 139
Trd, 004913.960, 130
Trd, 004926.060, 152
Trd, 004926.140, 149
Trd, 004926.260, 146
Trd, 004926.280, 159
Trd, 004926.660, 170
Trd, 004926.840, 173
Trd, 004927.480, 160
Trd, 004927.520, 144
Trd, 004927.760, 154
Trd, 004930.840, 142
Trd, 004935.480, 158
Trd, 004938.120, 171
Trd, 004951.320, 138
Trd, 004955.920, 79
Trd, 004956.040, 122
Trd, 004956.460, 163
Trd, 004956.520, 160
Trd, 004957.280, 151
Trd, 004957.400, 160
Trd, 004957.800, 131
Trd, 004957.920, 129
Trd, 004958.480, 162
Trd, 004958.560, 165
Trd, 004962.960, 162
Trd, 004979.020, 154
Trd, 004985.980, 104
Trd, 004986.020, 131
Trd, 004986.180, 172
Trd, 004986.220, 138
Trd, 004986.380, 174
Trd, 004986.480, 135
Trd, 004986.640, 93
Trd, 004986.840, 151
Trd, 004987.020, 150
Trd, 004987.060, 145
Trd, 004987.560, 122
Trd, 004994.660, 134
Trd, 004996.800, 154
