Trd, 000030.137, 107
Trd, 000030.462, 116
Trd, 000030.625, 108.0
Trd, 000030.800, 132.0
Trd, 000031.125, 117
Trd, 000031.150, 111
Trd, 000031.750, 104
Trd, 000031.787, 107
Trd, 000032.012, 108.0
Trd, 000032.787, 111.0
Trd, 000033.500, 110
Trd, 000045.225, 112
Trd, 000049.825, 106
Trd, 000058.188, 95
Trd, 000060.350, 139.0
Trd, 000060.450, 144.0
Trd, 000060.463, 124
Trd, 000060.775, 150.0
Trd, 000060.900, 142.0
Trd, 000061.988, 124
Trd, 000062.000, 124
Trd, 000062.875, 119
Trd, 000062.950, 116.0
Trd, 000063.138, 108
Trd, 000065.350, 108.0
Trd, 000073.963, 95
Trd, 000074.975, 93.0
Trd, 000084.000, 108
Trd, 000090.175, 96.0
Trd, 000090.213, 106
Trd, 000090.313, 102
Trd, 000090.500, 108.0
Trd, 000090.513, 125
Trd, 000090.613, 114
Trd, 000090.750, 94
Trd, 000091.113, 98
Trd, 000091.213, 116
Trd, 000091.375, 86
Trd, 000091.675, 97
Trd, 000091.763, 113
Trd, 000092.388, 132.0
Trd, 000096.188, 111.0
Trd, 000106.100, 103
Trd, 000112.225, 93.0
Trd, 000120.200, 98.0
Trd, 000120.263, 108.0
Trd, 000120.350, 117
Trd, 000120.500, 114
Trd, 000120.800, 94
Trd, 000121.375, 111.0
Trd, 000121.600, 108
Trd, 000121.663, 108.0
Trd, 000121.700, 100
Trd, 000122.963, 107
Trd, 000125.475, 105
Trd, 000128.288, 107
Trd, 000134.375, 104
Trd, 000143.888, 109
Trd, 000150.125, 127
Trd, 000150.375, 142.0
Trd, 000150.425, 98.0
Trd, 000150.538, 115
Trd, 000150.625, 93
Trd, 000150.675, 96.0
Trd, 000150.787, 95
Trd, 000151.050, 93.0
Trd, 000151.162, 110
Trd, 000151.837, 111.0
Trd, 000155.037, 108
Trd, 000157.087, 107
Trd, 000164.612, 118
Trd, 000168.725, 97
Trd, 000180.225, 144.0
Trd, 000181.075, 114
Trd, 000181.237, 113
Trd, 000181.862, 111
Trd, 000182.025, 114
Trd, 000182.200, 127
Trd, 000182.250, 111
Trd, 000182.662, 108.0
Trd, 000182.912, 107
Trd, 000183.662, 125
Trd, 000184.162, 124
Trd, 000189.675, 95
Trd, 000189.762, 93.0
Trd, 000210.250, 144.0
Trd, 000210.312, 117
Trd, 000210.325, 142.0
Trd, 000210.475, 150.0
Trd, 000210.512, 108.0
Trd, 000210.600, 111.0
Trd, 000210.737, 107
Trd, 000211.025, 90
Trd, 000211.100, 98.0
Trd, 000212.212, 112
Trd, 000213.337, 113
Trd, 000224.187, 107
Trd, 000225.687, 108
Trd, 000239.612, 97
Trd, 000240.212, 139.0
Trd, 000240.400, 92
Trd, 000240.437, 142.0
Trd, 000240.937, 96.0
Trd, 000241.125, 111.0
Trd, 000242.037, 108.0
Trd, 000242.862, 110
Trd, 000243.112, 110
Trd, 000243.900, 106
Trd, 000244.050, 103
Trd, 000245.025, 94
Trd, 000248.287, 107
Trd, 000249.162, 103
Trd, 000252.612, 108.0
Trd, 000253.125, 100
Trd, 000270.275, 109
Trd, 000270.350, 108.0
Trd, 000270.537, 93
Trd, 000270.550, 93.0
Trd, 000270.712, 117
Trd, 000270.787, 132.0
Trd, 000271.162, 111.0
Trd, 000271.487, 130
Trd, 000271.875, 96.0
Trd, 000274.350, 116.0
Trd, 000274.575, 106
Trd, 000275.150, 113
Trd, 000277.350, 107
Trd, 000281.650, 94
Trd, 000281.662, 108.0
Trd, 000300.300, 98.0
Trd, 000300.412, 116.0
Trd, 000300.437, 93
Trd, 000300.450, 85
Trd, 000300.912, 111.0
Trd, 000300.950, 108.0
Trd, 000301.262, 132.0
Trd, 000301.462, 109
Trd, 000301.662, 93.0
Trd, 000301.962, 120
Trd, 000302.050, 141
Trd, 000303.262, 119
Trd, 000307.337, 116
Trd, 000310.450, 108
Trd, 000310.637, 111
Trd, 000323.950, 103
Trd, 000330.300, 108.0
Trd, 000330.325, 139.0
Trd, 000330.425, 117
Trd, 000330.600, 108.0
Trd, 000330.912, 142.0
Trd, 000331.475, 122
Trd, 000331.662, 116.0
Trd, 000331.825, 132.0
Trd, 000331.987, 105
Trd, 000332.212, 95
Trd, 000332.262, 93.0
Trd, 000333.312, 106
Trd, 000335.625, 108
Trd, 000338.350, 104
Trd, 000341.887, 103
Trd, 000343.525, 87
Trd, 000350.800, 111.0
Trd, 000360.375, 144.0
Trd, 000360.462, 139.0
Trd, 000360.750, 130
Trd, 000360.862, 116.0
Trd, 000360.912, 101
Trd, 000361.500, 108.0
Trd, 000361.675, 93.0
Trd, 000362.537, 111.0
Trd, 000364.575, 104
Trd, 000368.362, 105
Trd, 000368.775, 104
Trd, 000373.762, 115
Trd, 000377.912, 111
Trd, 000377.962, 108
Trd, 000378.712, 116
Trd, 000381.112, 95
Trd, 000390.500, 105
Trd, 000390.537, 116
Trd, 000390.675, 116
Trd, 000390.812, 98.0
Trd, 000390.912, 93.0
Trd, 000391.162, 111
Trd, 000391.212, 107
Trd, 000391.537, 127
Trd, 000392.125, 108
Trd, 000392.225, 111.0
Trd, 000392.850, 128
Trd, 000394.037, 118
Trd, 000402.112, 108.0
Trd, 000403.675, 105
Trd, 000407.462, 94
Trd, 000420.337, 96.0
Trd, 000420.375, 97
Trd, 000420.487, 100
Trd, 000420.662, 105
Trd, 000420.700, 99
Trd, 000420.762, 98.0
Trd, 000421.212, 111.0
Trd, 000421.250, 142
Trd, 000422.225, 108.0
Trd, 000422.437, 103
Trd, 000424.012, 106
Trd, 000424.825, 115
Trd, 000429.825, 93.0
Trd, 000437.150, 108.0
Trd, 000443.837, 95
Trd, 000450.562, 105
Trd, 000450.700, 116
Trd, 000450.962, 125
Trd, 000450.975, 108.0
Trd, 000451.187, 106
Trd, 000451.362, 96.0
Trd, 000451.375, 93.0
Trd, 000451.550, 108.0
Trd, 000452.462, 104
Trd, 000452.575, 100
Trd, 000454.275, 109
Trd, 000454.900, 111.0
Trd, 000456.387, 111
Trd, 000461.100, 112
Trd, 000463.437, 116
Trd, 000467.012, 100
Trd, 000467.312, 95
Trd, 000480.537, 107
Trd, 000480.750, 112
Trd, 000480.850, 106
Trd, 000480.875, 80.0
Trd, 000481.150, 132.0
Trd, 000481.187, 136
Trd, 000481.475, 111.0
Trd, 000481.537, 120
Trd, 000482.900, 115
Trd, 000483.175, 110
Trd, 000483.675, 111
Trd, 000483.987, 116
Trd, 000486.812, 116
Trd, 000490.825, 108.0
Trd, 000494.962, 95
Trd, 000509.025, 93.0
Trd, 000510.475, 150.0
Trd, 000510.550, 142.0
Trd, 000510.575, 116.0
Trd, 000511.012, 111.0
Trd, 000511.125, 102
Trd, 000511.312, 107
Trd, 000511.775, 101
Trd, 000512.112, 100
Trd, 000512.362, 106
Trd, 000512.687, 96
Trd, 000517.212, 106
Trd, 000518.600, 100
Trd, 000519.800, 108.0
Trd, 000524.212, 102
Trd, 000526.325, 103
Trd, 000540.537, 116
Trd, 000540.750, 102
Trd, 000540.775, 95
Trd, 000540.912, 107
Trd, 000540.937, 98
Trd, 000541.137, 106
Trd, 000541.450, 96.0
Trd, 000541.462, 107
Trd, 000542.125, 94
Trd, 000542.237, 108.0
Trd, 000542.375, 111.0
Trd, 000542.437, 93.0
Trd, 000543.500, 126
Trd, 000544.675, 105
Trd, 000552.187, 87
Trd, 000558.537, 118
Trd, 000564.112, 82
Trd, 000570.450, 99
Trd, 000570.662, 139.0
Trd, 000570.825, 108.0
Trd, 000570.925, 101
Trd, 000571.012, 96.0
Trd, 000571.387, 97
Trd, 000571.675, 98.0
Trd, 000571.750, 97
Trd, 000571.762, 93.0
Trd, 000571.787, 111.0
Trd, 000572.487, 87
Trd, 000573.937, 102
Trd, 000575.250, 119
Trd, 000576.725, 117
Trd, 000600.500, 104
Trd, 000600.537, 107
Trd, 000600.575, 111.0
Trd, 000600.600, 143
Trd, 000600.675, 124
Trd, 000600.875, 109
Trd, 000601.100, 115
Trd, 000601.112, 124
Trd, 000601.437, 108.0
Trd, 000603.863, 103
Trd, 000604.963, 108.0
Trd, 000605.488, 119
Trd, 000610.750, 112
Trd, 000612.750, 101
Trd, 000630.525, 111.0
Trd, 000630.575, 132.0
Trd, 000630.638, 109
Trd, 000630.963, 96.0
Trd, 000631.000, 93.0
Trd, 000631.113, 108
Trd, 000631.325, 106
Trd, 000632.188, 108.0
Trd, 000632.225, 104
Trd, 000633.313, 112
Trd, 000633.788, 112
Trd, 000634.075, 116
Trd, 000638.813, 94
Trd, 000639.638, 98
Trd, 000660.475, 116.0
Trd, 000660.513, 80
Trd, 000660.675, 108.0
Trd, 000660.900, 100
Trd, 000661.250, 106
Trd, 000661.263, 111.0
Trd, 000662.025, 117
Trd, 000662.138, 107
Trd, 000663.988, 108.0
Trd, 000664.325, 110
Trd, 000672.350, 112
Trd, 000674.338, 111
Trd, 000677.925, 93.0
Trd, 000681.075, 93
Trd, 000690.600, 142.0
Trd, 000690.663, 115
Trd, 000690.775, 147.0
Trd, 000690.788, 144.0
Trd, 000691.050, 139.0
Trd, 000691.075, 108.0
Trd, 000691.125, 99
Trd, 000691.588, 103
Trd, 000691.838, 111.0
Trd, 000692.113, 93.0
Trd, 000692.200, 108.0
Trd, 000696.750, 111
Trd, 000697.575, 95
Trd, 000700.050, 112
Trd, 000711.263, 87
Trd, 000720.713, 82
Trd, 000720.763, 98.0
Trd, 000721.000, 87
Trd, 000721.038, 108
Trd, 000721.425, 108.0
Trd, 000721.500, 108.0
Trd, 000721.738, 96
Trd, 000721.825, 111.0
Trd, 000722.663, 117
Trd, 000722.950, 127
Trd, 000723.638, 116.0
Trd, 000727.075, 118
Trd, 000728.738, 116
Trd, 000731.350, 114
Trd, 000749.088, 95
Trd, 000750.613, 150.0
Trd, 000750.775, 136
Trd, 000750.863, 98
Trd, 000750.925, 111.0
Trd, 000751.400, 118
Trd, 000751.988, 108
Trd, 000752.038, 116.0
Trd, 000752.188, 117
Trd, 000752.550, 132.0
Trd, 000754.213, 109
Trd, 000754.400, 108.0
Trd, 000756.888, 95
Trd, 000757.588, 118
Trd, 000762.525, 93.0
Trd, 000775.513, 91
Trd, 000780.625, 120
Trd, 000780.750, 144.0
Trd, 000780.850, 118
Trd, 000780.875, 116.0
Trd, 000780.913, 108.0
Trd, 000780.938, 119
Trd, 000781.113, 113
Trd, 000781.175, 93.0
Trd, 000781.300, 128
Trd, 000781.663, 111.0
Trd, 000781.763, 139.0
Trd, 000784.075, 118
Trd, 000784.475, 96
Trd, 000789.475, 100
Trd, 000795.900, 117
Trd, 000797.038, 95
Trd, 000797.063, 89
Trd, 000803.088, 101
Trd, 000810.588, 140
Trd, 000810.813, 123
Trd, 000811.063, 111.0
Trd, 000811.088, 114
Trd, 000811.100, 93
Trd, 000811.500, 108.0
Trd, 000811.600, 87
Trd, 000811.650, 132.0
Trd, 000811.938, 118
Trd, 000812.000, 120
Trd, 000812.388, 117
Trd, 000812.750, 115
Trd, 000813.163, 125
Trd, 000820.563, 115
Trd, 000835.500, 93.0
Trd, 000840.588, 132.0
Trd, 000840.738, 127
Trd, 000840.925, 108.0
Trd, 000841.225, 96.0
Trd, 000841.250, 93.0
Trd, 000841.413, 109
Trd, 000841.863, 111.0
Trd, 000841.963, 111
Trd, 000842.488, 101
Trd, 000843.313, 108
Trd, 000845.263, 118
Trd, 000845.550, 114
Trd, 000846.138, 95
Trd, 000851.350, 103
Trd, 000870.650, 62.0
Trd, 000870.875, 101
Trd, 000870.950, 132.0
Trd, 000871.000, 108
Trd, 000871.375, 131
Trd, 000871.413, 103
Trd, 000871.588, 96.0
Trd, 000871.700, 95
Trd, 000871.900, 108.0
Trd, 000872.725, 108
Trd, 000872.738, 93.0
Trd, 000872.863, 100
Trd, 000875.438, 108.0
Trd, 000877.238, 111.0
Trd, 000884.513, 108
Trd, 000898.563, 87
Trd, 000900.600, 80.0
Trd, 000900.763, 95
Trd, 000900.775, 61
Trd, 000900.813, 103
Trd, 000900.963, 96.0
Trd, 000901.500, 98
Trd, 000902.013, 95
Trd, 000902.025, 98.0
Trd, 000902.038, 108.0
Trd, 000902.238, 111.0
Trd, 000903.538, 115
Trd, 000907.000, 108
Trd, 000908.825, 117
Trd, 000913.663, 105
Trd, 000914.750, 107
Trd, 000930.713, 118
Trd, 000930.913, 111.0
Trd, 000931.150, 110
Trd, 000931.313, 108
Trd, 000931.700, 108.0
Trd, 000932.125, 98.0
Trd, 000932.538, 105
Trd, 000932.550, 105
Trd, 000932.625, 97
Trd, 000933.313, 128
Trd, 000934.438, 101
Trd, 000939.325, 98
Trd, 000941.550, 95
Trd, 000945.950, 96
Trd, 000948.425, 103
Trd, 000951.850, 93.0
Trd, 000960.588, 108
Trd, 000960.788, 111.0
Trd, 000960.875, 116
Trd, 000960.913, 150.0
Trd, 000961.250, 139.0
Trd, 000961.313, 127
Trd, 000961.338, 108.0
Trd, 000961.413, 98.0
Trd, 000961.763, 97
Trd, 000962.288, 116.0
Trd, 000962.338, 95
Trd, 000962.638, 93.0
Trd, 000963.663, 118
Trd, 000970.213, 117
Trd, 000980.975, 128
Trd, 000985.988, 102
Trd, 000988.788, 94
Trd, 000989.038, 87
Trd, 000990.675, 150.0
Trd, 000990.838, 144.0
Trd, 000990.963, 142.0
Trd, 000991.450, 139.0
Trd, 000991.638, 129
Trd, 000991.700, 120
Trd, 000992.225, 116.0
Trd, 000992.388, 96.0
Trd, 000992.725, 101
Trd, 000995.313, 109
Trd, 000995.338, 100
Trd, 001002.863, 103
Trd, 001008.650, 104
Trd, 001010.625, 95
Trd, 001017.213, 102
Trd, 001020.600, 75.0
Trd, 001020.800, 147.0
Trd, 001020.863, 142.0
Trd, 001021.063, 117
Trd, 001021.350, 114
Trd, 001021.375, 108.0
Trd, 001021.525, 139.0
Trd, 001021.775, 103
Trd, 001021.838, 108.0
Trd, 001022.213, 94
Trd, 001027.075, 118
Trd, 001036.638, 103
Trd, 001038.813, 104
Trd, 001039.888, 94
Trd, 001040.938, 106
Trd, 001050.650, 150.0
Trd, 001050.725, 144.0
Trd, 001051.050, 142.0
Trd, 001051.138, 139.0
Trd, 001051.388, 108.0
Trd, 001051.538, 111.0
Trd, 001051.563, 88
Trd, 001052.600, 118
Trd, 001052.775, 106
Trd, 001052.900, 122
Trd, 001055.575, 111
Trd, 001055.725, 110
Trd, 001056.288, 119
Trd, 001071.625, 109
Trd, 001080.663, 109
Trd, 001080.850, 116.0
Trd, 001081.088, 98.0
Trd, 001081.188, 106
Trd, 001081.488, 80.0
Trd, 001081.500, 120
Trd, 001081.513, 125
Trd, 001081.988, 91
Trd, 001083.075, 115
Trd, 001084.238, 112
Trd, 001084.925, 108.0
Trd, 001085.475, 95
Trd, 001085.888, 93
Trd, 001090.138, 98
Trd, 001094.988, 102
Trd, 001097.763, 108
Trd, 001110.738, 144.0
Trd, 001110.750, 113
Trd, 001110.850, 142.0
Trd, 001111.575, 93.0
Trd, 001111.900, 92
Trd, 001112.125, 98.0
Trd, 001112.338, 116
Trd, 001112.950, 117
Trd, 001113.225, 132.0
Trd, 001114.888, 107
Trd, 001116.413, 108.0
Trd, 001116.688, 103
Trd, 001120.900, 104
Trd, 001123.025, 104
Trd, 001130.075, 103
Trd, 001131.413, 95
Trd, 001135.275, 94
Trd, 001140.688, 117
Trd, 001140.700, 87
Trd, 001140.925, 102
Trd, 001140.938, 112
Trd, 001140.950, 113
Trd, 001141.175, 98.0
Trd, 001141.350, 98
Trd, 001141.425, 111.0
Trd, 001141.925, 129
Trd, 001142.250, 103
Trd, 001142.800, 129
Trd, 001143.238, 113
Trd, 001151.438, 115
Trd, 001154.300, 125
Trd, 001168.538, 93.0
Trd, 001170.788, 116
Trd, 001170.825, 108.0
Trd, 001171.175, 98.0
Trd, 001171.238, 111.0
Trd, 001171.463, 104
Trd, 001171.788, 107
Trd, 001171.925, 106
Trd, 001172.013, 108
Trd, 001172.450, 107
Trd, 001173.000, 108.0
Trd, 001180.188, 95
Trd, 001180.338, 118
Trd, 001186.650, 93.0
Trd, 001189.450, 96
Trd, 001194.438, 126
Trd, 001197.388, 105
Trd, 001200.938, 119
Trd, 001200.988, 150
Trd, 001201.038, 142.0
Trd, 001201.063, 116.0
Trd, 001201.125, 123
Trd, 001201.275, 109
Trd, 001201.513, 108.0
Trd, 001202.113, 111.0
Trd, 001202.888, 111
Trd, 001203.663, 108
Trd, 001204.213, 108
Trd, 001205.238, 100
Trd, 001212.363, 107
Trd, 001219.763, 98
Trd, 001220.125, 95
Trd, 001230.775, 62.0
Trd, 001230.850, 84
Trd, 001230.863, 96.0
Trd, 001231.463, 131
Trd, 001231.500, 116.0
Trd, 001231.800, 132.0
Trd, 001232.050, 117
Trd, 001232.250, 112
Trd, 001233.125, 134
Trd, 001235.938, 125
Trd, 001238.200, 117
Trd, 001253.300, 108.0
Trd, 001254.488, 100
Trd, 001259.513, 113
Trd, 001260.738, 98.0
Trd, 001260.900, 142.0
Trd, 001261.125, 144.0
Trd, 001261.275, 139.0
Trd, 001261.313, 149
Trd, 001261.513, 133
Trd, 001261.700, 125
Trd, 001264.338, 116.0
Trd, 001268.038, 108.0
Trd, 001271.563, 127
Trd, 001276.313, 109
Trd, 001276.925, 95
Trd, 001287.000, 114
Trd, 001290.988, 106
Trd, 001291.063, 110
Trd, 001291.213, 110
Trd, 001291.263, 111
Trd, 001291.775, 111.0
Trd, 001291.838, 112
Trd, 001291.875, 108.0
Trd, 001292.288, 114
Trd, 001293.050, 114
Trd, 001293.513, 116.0
Trd, 001293.850, 109
Trd, 001295.475, 95
Trd, 001298.300, 93.0
Trd, 001321.075, 96.0
Trd, 001321.113, 98.0
Trd, 001321.538, 108
Trd, 001321.625, 104
Trd, 001321.875, 103
Trd, 001321.888, 108.0
Trd, 001322.100, 111.0
Trd, 001322.375, 93.0
Trd, 001322.438, 87
Trd, 001322.500, 117
Trd, 001324.838, 106
Trd, 001325.863, 110
Trd, 001325.975, 124
Trd, 001326.063, 104
Trd, 001337.213, 95
Trd, 001339.125, 103
Trd, 001351.000, 111
Trd, 001351.075, 108.0
Trd, 001351.425, 95
Trd, 001351.900, 98.0
Trd, 001351.913, 101
Trd, 001352.225, 105
Trd, 001352.275, 108.0
Trd, 001352.400, 108
Trd, 001352.488, 111.0
Trd, 001353.463, 102
Trd, 001353.875, 102
Trd, 001359.363, 103
Trd, 001362.313, 112
Trd, 001362.463, 103
Trd, 001363.963, 96
Trd, 001376.525, 105
Trd, 001380.913, 111.0
Trd, 001381.000, 108.0
Trd, 001381.188, 106
Trd, 001381.200, 111
Trd, 001381.238, 124
Trd, 001381.250, 105
Trd, 001381.338, 100
Trd, 001382.000, 108.0
Trd, 001382.375, 112
Trd, 001382.588, 101
Trd, 001384.275, 103
Trd, 001395.450, 94
Trd, 001398.338, 93.0
Trd, 001402.100, 108
Trd, 001404.338, 87
Trd, 001406.925, 100
Trd, 001410.800, 116.0
Trd, 001411.238, 150.0
Trd, 001411.563, 144.0
Trd, 001411.575, 142.0
Trd, 001411.650, 125
Trd, 001412.163, 111.0
Trd, 001412.663, 118
Trd, 001413.013, 108.0
Trd, 001413.538, 121
Trd, 001413.963, 105
Trd, 001415.775, 96
Trd, 001416.875, 123
Trd, 001417.738, 93.0
Trd, 001425.875, 94
Trd, 001440.850, 142.0
Trd, 001440.963, 108
Trd, 001441.050, 127
Trd, 001441.063, 110
Trd, 001441.338, 93
Trd, 001441.613, 113
Trd, 001441.800, 110
Trd, 001442.150, 108.0
Trd, 001442.163, 111.0
Trd, 001442.638, 120
Trd, 001443.475, 116.0
Trd, 001443.775, 118
Trd, 001445.450, 132.0
Trd, 001447.463, 93.0
Trd, 001455.338, 105
Trd, 001465.513, 93
Trd, 001468.188, 87
Trd, 001471.013, 80.0
Trd, 001471.050, 108.0
Trd, 001471.213, 106
Trd, 001471.338, 93.0
Trd, 001471.525, 111
Trd, 001471.838, 110
Trd, 001472.175, 111.0
Trd, 001472.563, 108.0
Trd, 001473.513, 113
Trd, 001476.613, 116
Trd, 001478.150, 108
Trd, 001487.713, 112
Trd, 001487.975, 111
Trd, 001489.038, 94
Trd, 001500.888, 108.0
Trd, 001500.913, 147.0
Trd, 001501.350, 144.0
Trd, 001501.463, 120
Trd, 001501.500, 107
Trd, 001501.688, 142.0
Trd, 001501.888, 120
Trd, 001501.938, 116.0
Trd, 001502.200, 104
Trd, 001504.638, 108.0
Trd, 001505.663, 124
Trd, 001507.175, 120
Trd, 001512.813, 116
Trd, 001518.663, 100
Trd, 001527.475, 105
Trd, 001530.788, 97
Trd, 001530.825, 139.0
Trd, 001530.863, 96.0
Trd, 001531.063, 98.0
Trd, 001531.138, 111.0
Trd, 001531.175, 93
Trd, 001531.263, 142.0
Trd, 001531.538, 111
Trd, 001532.725, 103
Trd, 001533.150, 104
Trd, 001534.300, 104
Trd, 001536.700, 108.0
Trd, 001538.525, 116
Trd, 001541.000, 100
Trd, 001559.925, 95
Trd, 001561.000, 107
Trd, 001561.225, 102
Trd, 001561.488, 94
Trd, 001561.600, 96.0
Trd, 001561.725, 98.0
Trd, 001561.950, 108.0
Trd, 001562.038, 111.0
Trd, 001562.138, 116
Trd, 001562.375, 108.0
Trd, 001563.363, 108
Trd, 001566.663, 111
Trd, 001571.713, 107
Trd, 001571.863, 101
Trd, 001574.363, 101
Trd, 001590.838, 107
Trd, 001590.888, 106
Trd, 001590.975, 105
Trd, 001591.050, 132.0
Trd, 001591.088, 116.0
Trd, 001591.400, 108.0
Trd, 001591.850, 135
Trd, 001591.863, 113
Trd, 001592.988, 114
Trd, 001594.600, 139.0
Trd, 001598.613, 114
Trd, 001608.963, 120
Trd, 001609.813, 94
Trd, 001617.000, 98
Trd, 001618.238, 93.0
Trd, 001620.938, 120
Trd, 001621.250, 96.0
Trd, 001621.288, 93.0
Trd, 001621.600, 98.0
Trd, 001621.638, 111.0
Trd, 001623.213, 103
Trd, 001623.438, 104
Trd, 001624.300, 125
Trd, 001624.663, 120
Trd, 001626.100, 118
Trd, 001627.713, 115
Trd, 001639.825, 117
Trd, 001648.225, 108
Trd, 001650.913, 116
Trd, 001651.225, 116.0
Trd, 001651.650, 115
Trd, 001651.713, 116
Trd, 001651.875, 117
Trd, 001651.963, 125
Trd, 001652.150, 114
Trd, 001652.200, 108.0
Trd, 001652.413, 132.0
Trd, 001652.438, 104
Trd, 001655.038, 98.0
Trd, 001657.213, 106
Trd, 001657.413, 106
Trd, 001659.000, 106
Trd, 001660.238, 108.0
Trd, 001661.725, 95
Trd, 001681.025, 103
Trd, 001681.063, 139
Trd, 001681.188, 142.0
Trd, 001681.275, 108.0
Trd, 001681.338, 144.0
Trd, 001681.550, 132.0
Trd, 001681.600, 126
Trd, 001681.738, 116.0
Trd, 001683.100, 95
Trd, 001683.388, 109
Trd, 001684.038, 94
Trd, 001684.763, 93.0
Trd, 001685.663, 108
Trd, 001686.450, 108
Trd, 001687.538, 116
Trd, 001693.700, 107
Trd, 001703.038, 87
Trd, 001710.925, 150.0
Trd, 001711.025, 116.0
Trd, 001711.113, 144.0
Trd, 001711.338, 142.0
Trd, 001711.413, 114
Trd, 001711.825, 109
Trd, 001712.025, 132.0
Trd, 001712.300, 108.0
Trd, 001712.550, 106
Trd, 001717.063, 108
Trd, 001717.225, 110
Trd, 001718.563, 93.0
Trd, 001720.438, 104
Trd, 001721.763, 101
Trd, 001726.075, 102
Trd, 001726.763, 99
Trd, 001736.525, 95
Trd, 001741.175, 104
Trd, 001741.400, 144.0
Trd, 001741.575, 108
Trd, 001741.613, 132.0
Trd, 001741.650, 146
Trd, 001741.775, 96
Trd, 001741.950, 95
Trd, 001742.050, 94
Trd, 001742.638, 96.0
Trd, 001744.138, 106
Trd, 001744.963, 106
Trd, 001745.450, 108.0
Trd, 001748.300, 101
Trd, 001751.250, 98
Trd, 001754.500, 111.0
Trd, 001766.913, 109
Trd, 001769.550, 97
Trd, 001771.075, 144.0
Trd, 001771.325, 119
Trd, 001771.338, 125
Trd, 001771.488, 117
Trd, 001771.663, 116.0
Trd, 001771.813, 111
Trd, 001771.975, 132
Trd, 001772.800, 111.0
Trd, 001773.000, 118
Trd, 001773.100, 110
Trd, 001776.550, 112
Trd, 001779.350, 124
Trd, 001779.863, 108.0
Trd, 001790.225, 103
Trd, 001791.263, 95
Trd, 001792.300, 104
Trd, 001801.050, 150.0
Trd, 001801.075, 139.0
Trd, 001801.238, 103
Trd, 001801.450, 116.0
Trd, 001801.588, 118
Trd, 001801.788, 108.0
Trd, 001802.388, 119
Trd, 001803.863, 118
Trd, 001804.050, 106
Trd, 001804.088, 119
Trd, 001813.488, 109
Trd, 001816.300, 119
Trd, 001820.025, 95
Trd, 001821.550, 94
Trd, 001831.075, 146
Trd, 001831.125, 142.0
Trd, 001831.188, 140
Trd, 001831.450, 124
Trd, 001831.738, 116.0
Trd, 001831.988, 108.0
Trd, 001832.800, 103
Trd, 001833.350, 102
Trd, 001833.963, 107
Trd, 001834.113, 108.0
Trd, 001834.213, 96
Trd, 001840.875, 95
Trd, 001845.250, 104
Trd, 001845.788, 111.0
Trd, 001852.163, 93.0
Trd, 001852.413, 99
Trd, 001853.338, 87
Trd, 001861.375, 94
Trd, 001861.425, 96.0
Trd, 001861.475, 122
Trd, 001861.513, 142.0
Trd, 001861.950, 144.0
Trd, 001862.063, 146
Trd, 001863.213, 139.0
Trd, 001863.413, 129
Trd, 001864.288, 130
Trd, 001864.388, 126
Trd, 001866.288, 116.0
Trd, 001868.675, 108.0
Trd, 001873.188, 98
Trd, 001891.075, 150.0
Trd, 001891.238, 95
Trd, 001891.250, 111.0
Trd, 001891.413, 112
Trd, 001891.700, 144.0
Trd, 001891.825, 126
Trd, 001891.913, 108.0
Trd, 001892.250, 101
Trd, 001893.100, 117
Trd, 001893.900, 116.0
Trd, 001895.288, 93.0
Trd, 001896.275, 94
Trd, 001897.613, 108
Trd, 001902.713, 105
Trd, 001906.063, 88
Trd, 001911.575, 87
Trd, 001914.263, 117
Trd, 001921.050, 113
Trd, 001921.388, 98.0
Trd, 001921.450, 102
Trd, 001921.575, 107
Trd, 001921.775, 108.0
Trd, 001921.975, 118
Trd, 001922.463, 95
Trd, 001922.613, 107
Trd, 001922.650, 98
Trd, 001923.775, 96.0
Trd, 001924.688, 111.0
Trd, 001926.575, 125
Trd, 001928.563, 111
Trd, 001929.363, 93.0
Trd, 001933.050, 106
Trd, 001935.650, 119
Trd, 001947.525, 100
Trd, 001951.038, 111.0
Trd, 001951.063, 107
Trd, 001951.213, 94
Trd, 001951.525, 98
Trd, 001951.625, 104
Trd, 001952.050, 104
Trd, 001952.063, 108.0
Trd, 001952.088, 116
Trd, 001952.213, 100
Trd, 001952.775, 126
Trd, 001953.300, 132.0
Trd, 001954.750, 116.0
Trd, 001960.463, 109
Trd, 001974.000, 110
Trd, 001981.063, 62.0
Trd, 001981.350, 139.0
Trd, 001981.500, 93.0
Trd, 001981.600, 147.0
Trd, 001981.700, 142.0
Trd, 001981.738, 111.0
Trd, 001981.975, 96.0
Trd, 001982.163, 98.0
Trd, 001982.200, 108.0
Trd, 001991.613, 116.0
Trd, 001992.100, 113
Trd, 001996.375, 120
Trd, 002002.275, 120
Trd, 002011.063, 98.0
Trd, 002011.075, 88
Trd, 002011.150, 88
Trd, 002011.325, 96.0
Trd, 002011.838, 108.0
Trd, 002013.275, 111.0
Trd, 002013.288, 113
Trd, 002013.750, 118
Trd, 002014.250, 124
Trd, 002030.275, 116
Trd, 002030.638, 116.0
Trd, 002036.250, 116
Trd, 002039.775, 116
Trd, 002040.013, 108.0
Trd, 002041.100, 75.0
Trd, 002041.138, 108.0
Trd, 002041.250, 142.0
Trd, 002041.613, 116
Trd, 002042.150, 118
Trd, 002042.538, 132.0
Trd, 002042.800, 126
Trd, 002043.550, 116.0
Trd, 002045.475, 130
Trd, 002051.238, 118
Trd, 002056.850, 116
Trd, 002060.638, 109
Trd, 002062.513, 111
Trd, 002064.213, 108
Trd, 002071.225, 111.0
Trd, 002071.275, 142.0
Trd, 002071.363, 110
Trd, 002071.600, 108.0
Trd, 002071.613, 115
Trd, 002071.888, 132.0
Trd, 002071.925, 98.0
Trd, 002072.338, 96.0
Trd, 002072.625, 104
Trd, 002072.688, 108.0
Trd, 002082.875, 110
Trd, 002085.625, 110
Trd, 002086.638, 109
Trd, 002091.825, 95
Trd, 002092.850, 96
Trd, 002101.113, 108.0
Trd, 002101.300, 150.0
Trd, 002101.525, 94
Trd, 002101.638, 110
Trd, 002101.925, 100
Trd, 002101.988, 101
Trd, 002102.075, 111.0
Trd, 002102.175, 108.0
Trd, 002102.300, 109
Trd, 002104.750, 116
Trd, 002106.713, 116.0
Trd, 002110.438, 113
Trd, 002116.250, 100
Trd, 002124.263, 100
Trd, 002131.138, 114
Trd, 002131.275, 104
Trd, 002131.525, 96.0
Trd, 002131.588, 99
Trd, 002131.613, 111.0
Trd, 002131.763, 132.0
Trd, 002132.800, 116
Trd, 002132.938, 116
Trd, 002134.563, 113
Trd, 002136.638, 108.0
Trd, 002137.050, 113
Trd, 002139.200, 117
Trd, 002140.063, 98
Trd, 002159.288, 98
Trd, 002161.350, 144.0
Trd, 002161.388, 139.0
Trd, 002161.488, 123
Trd, 002161.763, 98.0
Trd, 002161.913, 95
Trd, 002162.150, 106
Trd, 002162.263, 108.0
Trd, 002162.550, 110
Trd, 002163.175, 96.0
Trd, 002163.875, 105
Trd, 002165.400, 108
Trd, 002167.500, 93.0
Trd, 002171.338, 116
Trd, 002172.213, 123
Trd, 002191.150, 85
Trd, 002191.200, 107
Trd, 002191.388, 116.0
Trd, 002191.875, 112
Trd, 002192.050, 118
Trd, 002192.200, 111.0
Trd, 002192.250, 132.0
Trd, 002192.425, 108
Trd, 002193.200, 117
Trd, 002195.438, 119
Trd, 002195.738, 115
Trd, 002196.288, 108.0
Trd, 002199.438, 117
Trd, 002204.000, 101
Trd, 002209.225, 95
Trd, 002211.763, 106
Trd, 002216.013, 93.0
Trd, 002221.213, 108.0
Trd, 002221.400, 107
Trd, 002221.438, 124
Trd, 002221.663, 103
Trd, 002221.800, 108.0
Trd, 002221.850, 97
Trd, 002221.988, 96.0
Trd, 002222.113, 83
Trd, 002223.588, 98.0
Trd, 002223.688, 101
Trd, 002224.050, 111.0
Trd, 002225.875, 118
Trd, 002227.213, 115
Trd, 002228.900, 109
Trd, 002232.063, 93
Trd, 002251.275, 96.0
Trd, 002251.313, 75.0
Trd, 002251.413, 98.0
Trd, 002251.500, 111.0
Trd, 002251.975, 139
Trd, 002252.075, 103
Trd, 002252.250, 107
Trd, 002252.513, 139.0
Trd, 002252.838, 120
Trd, 002253.500, 119
Trd, 002253.925, 108.0
Trd, 002256.488, 93
Trd, 002257.213, 121
Trd, 002267.638, 93.0
Trd, 002268.025, 92
Trd, 002269.413, 105
Trd, 002277.213, 88
Trd, 002281.438, 62.0
Trd, 002281.688, 93.0
Trd, 002281.738, 98.0
Trd, 002281.850, 101
Trd, 002281.913, 97
Trd, 002281.975, 111.0
Trd, 002282.275, 96.0
Trd, 002282.538, 107
Trd, 002283.175, 96
Trd, 002283.725, 108.0
Trd, 002284.213, 117
Trd, 002285.200, 124
Trd, 002285.938, 103
Trd, 002289.075, 106
Trd, 002295.850, 94
Trd, 002299.350, 99
Trd, 002301.013, 86
Trd, 002311.350, 85
Trd, 002312.250, 105
Trd, 002312.425, 105
Trd, 002312.475, 106
Trd, 002312.488, 102
Trd, 002312.575, 108.0
Trd, 002312.813, 124
Trd, 002312.825, 100
Trd, 002313.325, 99
Trd, 002314.688, 99
Trd, 002315.238, 111.0
Trd, 002316.675, 95
Trd, 002317.000, 117
Trd, 002318.363, 118
Trd, 002322.375, 126
Trd, 002326.513, 99
Trd, 002340.763, 93.0
Trd, 002341.488, 139.0
Trd, 002341.638, 117
Trd, 002341.888, 116.0
Trd, 002342.038, 113
Trd, 002342.163, 132.0
Trd, 002342.350, 115
Trd, 002342.913, 124
Trd, 002343.125, 127
Trd, 002343.375, 126
Trd, 002343.725, 108.0
Trd, 002343.913, 95
Trd, 002344.413, 99
Trd, 002345.888, 95
Trd, 002347.925, 115
Trd, 002348.513, 93.0
Trd, 002359.425, 103
Trd, 002371.388, 144.0
Trd, 002371.575, 116.0
Trd, 002371.825, 93.0
Trd, 002371.975, 115
Trd, 002372.138, 96.0
Trd, 002372.463, 108.0
Trd, 002372.500, 94
Trd, 002372.513, 111.0
Trd, 002373.263, 122
Trd, 002374.575, 109
Trd, 002374.600, 109
Trd, 002378.600, 116
Trd, 002383.025, 95
Trd, 002384.325, 124
Trd, 002385.175, 95
Trd, 002388.113, 100
Trd, 002390.763, 87
Trd, 002401.388, 62.0
Trd, 002401.750, 142.0
Trd, 002401.875, 122
Trd, 002402.188, 150.0
Trd, 002402.325, 144.0
Trd, 002402.588, 139.0
Trd, 002402.600, 116.0
Trd, 002402.775, 108.0
Trd, 002403.288, 114
Trd, 002411.912, 101
Trd, 002412.712, 101
Trd, 002413.750, 101
Trd, 002414.550, 95
Trd, 002417.237, 116
Trd, 002418.125, 123
Trd, 002427.150, 93.0
Trd, 002429.362, 87
Trd, 002431.625, 111.0
Trd, 002431.712, 116.0
Trd, 002431.762, 108.0
Trd, 002431.850, 132.0
Trd, 002431.962, 111
Trd, 002432.287, 102
Trd, 002432.362, 111
Trd, 002432.562, 114
Trd, 002433.537, 116
Trd, 002433.612, 117
Trd, 002438.500, 108
Trd, 002438.912, 123
Trd, 002446.862, 95
Trd, 002448.212, 117
Trd, 002448.500, 93.0
Trd, 002449.012, 87
Trd, 002459.112, 97
Trd, 002461.637, 125
Trd, 002461.737, 103
Trd, 002461.800, 132.0
Trd, 002462.075, 103
Trd, 002462.112, 102
Trd, 002462.162, 108.0
Trd, 002462.200, 98
Trd, 002462.237, 113
Trd, 002462.300, 116.0
Trd, 002464.387, 108.0
Trd, 002469.525, 108
Trd, 002472.000, 106
Trd, 002475.987, 95
Trd, 002482.537, 111.0
Trd, 002491.437, 98.0
Trd, 002491.500, 96.0
Trd, 002491.712, 132.0
Trd, 002491.850, 108.0
Trd, 002492.037, 142.0
Trd, 002492.075, 94
Trd, 002492.187, 87
Trd, 002492.500, 95
Trd, 002492.925, 111.0
Trd, 002493.937, 112
Trd, 002494.062, 119
Trd, 002496.850, 107
Trd, 002502.012, 93.0
Trd, 002502.950, 122
Trd, 002503.125, 93
Trd, 002506.525, 92
Trd, 002509.887, 109
Trd, 002521.600, 142.0
Trd, 002521.737, 142
Trd, 002522.000, 129
Trd, 002522.012, 132.0
Trd, 002522.275, 116.0
Trd, 002522.662, 117
Trd, 002523.237, 114
Trd, 002524.200, 108.0
Trd, 002524.525, 120
Trd, 002524.675, 95
Trd, 002526.612, 96.0
Trd, 002529.300, 109
Trd, 002529.425, 96
Trd, 002533.612, 111
Trd, 002537.000, 96
Trd, 002537.337, 93.0
Trd, 002551.512, 108.0
Trd, 002551.612, 80.0
Trd, 002552.325, 93.0
Trd, 002552.400, 96.0
Trd, 002552.412, 104
Trd, 002552.550, 104
Trd, 002552.637, 108.0
Trd, 002553.087, 105
Trd, 002553.662, 100
Trd, 002554.625, 111.0
Trd, 002555.962, 118
Trd, 002558.900, 110
Trd, 002560.475, 108
Trd, 002568.437, 110
Trd, 002581.612, 82
Trd, 002581.662, 110
Trd, 002581.912, 98.0
Trd, 002582.212, 96.0
Trd, 002582.650, 107
Trd, 002582.687, 108.0
Trd, 002582.712, 103
Trd, 002584.050, 111.0
Trd, 002585.612, 117
Trd, 002588.075, 114
Trd, 002588.925, 114
Trd, 002592.062, 118
Trd, 002598.687, 113
Trd, 002604.350, 108.0
Trd, 002610.062, 103
Trd, 002611.537, 75
Trd, 002611.687, 96.0
Trd, 002611.787, 91
Trd, 002611.937, 74
Trd, 002612.200, 93
Trd, 002612.950, 95
Trd, 002613.012, 98.0
Trd, 002613.487, 108.0
Trd, 002613.675, 111.0
Trd, 002613.837, 118
Trd, 002616.787, 110
Trd, 002619.625, 105
Trd, 002622.450, 106
Trd, 002625.925, 113
Trd, 002639.375, 125
Trd, 002641.625, 144.0
Trd, 002641.712, 80.0
Trd, 002641.762, 121
Trd, 002641.837, 118
Trd, 002642.575, 122
Trd, 002642.975, 119
Trd, 002643.037, 116.0
Trd, 002643.150, 112
Trd, 002643.387, 108.0
Trd, 002643.612, 93.0
Trd, 002646.462, 116
Trd, 002653.537, 125
Trd, 002654.650, 113
Trd, 002671.525, 119
Trd, 002671.600, 62.0
Trd, 002671.687, 132.0
Trd, 002671.837, 116.0
Trd, 002672.212, 96.0
Trd, 002672.500, 98.0
Trd, 002673.162, 105
Trd, 002673.650, 107
Trd, 002673.675, 93.0
Trd, 002673.712, 108.0
Trd, 002673.762, 111.0
Trd, 002675.737, 110
Trd, 002676.350, 119
Trd, 002676.425, 108.0
Trd, 002686.800, 105
Trd, 002686.862, 103
Trd, 002701.587, 116.0
Trd, 002701.700, 139.0
Trd, 002701.737, 125
Trd, 002701.887, 108
Trd, 002702.500, 115
Trd, 002702.837, 110
Trd, 002703.025, 103
Trd, 002703.112, 108.0
Trd, 002703.650, 111.0
Trd, 002705.912, 108.0
Trd, 002706.650, 104
Trd, 002711.287, 108
Trd, 002713.712, 94
Trd, 002731.600, 96.0
Trd, 002731.712, 132.0
Trd, 002731.925, 108
Trd, 002732.212, 111.0
Trd, 002732.425, 119
Trd, 002732.950, 116
Trd, 002734.162, 117
Trd, 002734.237, 112
Trd, 002734.700, 103
Trd, 002735.112, 98.0
Trd, 002735.787, 110
Trd, 002736.550, 116
Trd, 002737.562, 109
Trd, 002738.000, 112
Trd, 002738.762, 97
Trd, 002744.262, 95
Trd, 002761.887, 91
Trd, 002761.900, 102
Trd, 002762.087, 102
Trd, 002762.200, 94
Trd, 002762.287, 96.0
Trd, 002762.337, 111.0
Trd, 002762.675, 115
Trd, 002762.987, 116
Trd, 002763.850, 116.0
Trd, 002763.900, 124
Trd, 002765.000, 98.0
Trd, 002767.837, 104
Trd, 002772.712, 104
Trd, 002773.162, 108.0
Trd, 002778.775, 93.0
Trd, 002785.750, 91
Trd, 002791.725, 111.0
Trd, 002791.812, 144.0
Trd, 002792.012, 116.0
Trd, 002792.050, 138
Trd, 002792.675, 96.0
Trd, 002793.475, 108.0
Trd, 002793.875, 107
Trd, 002793.950, 105
Trd, 002794.287, 105
Trd, 002795.637, 105
Trd, 002795.925, 105
Trd, 002798.062, 94
Trd, 002798.437, 106
Trd, 002801.787, 106
Trd, 002803.425, 116
Trd, 002806.212, 93.0
Trd, 002814.100, 87
Trd, 002821.762, 75.0
Trd, 002821.962, 96.0
Trd, 002822.025, 101
Trd, 002822.037, 69
Trd, 002822.100, 98.0
Trd, 002822.112, 108.0
Trd, 002822.462, 111.0
Trd, 002822.662, 108.0
Trd, 002822.925, 120
Trd, 002823.037, 126
Trd, 002824.275, 115
Trd, 002826.875, 120
Trd, 002827.225, 109
Trd, 002844.250, 93
Trd, 002846.212, 105
Trd, 002851.587, 93.0
Trd, 002851.850, 126
Trd, 002851.887, 150.0
Trd, 002852.050, 139.0
Trd, 002852.162, 116.0
Trd, 002852.512, 108.0
Trd, 002852.787, 129
Trd, 002853.012, 101
Trd, 002853.800, 101
Trd, 002853.862, 101
Trd, 002855.375, 96
Trd, 002866.237, 101
Trd, 002868.987, 100
Trd, 002873.587, 111.0
Trd, 002881.750, 75.0
Trd, 002882.000, 111.0
Trd, 002882.050, 80
Trd, 002882.062, 108.0
Trd, 002882.625, 96.0
Trd, 002882.725, 132.0
Trd, 002882.975, 98.0
Trd, 002883.225, 136
Trd, 002884.037, 116.0
Trd, 002884.212, 122
Trd, 002884.462, 122
Trd, 002888.637, 114
Trd, 002889.887, 116
Trd, 002893.975, 108.0
Trd, 002894.400, 111
Trd, 002900.100, 101
Trd, 002911.912, 62.0
Trd, 002912.150, 77
Trd, 002912.162, 96.0
Trd, 002912.200, 104
Trd, 002912.475, 116.0
Trd, 002912.612, 132.0
Trd, 002913.012, 140
Trd, 002913.162, 116
Trd, 002913.550, 114
Trd, 002914.062, 141
Trd, 002914.850, 108.0
Trd, 002917.512, 112
Trd, 002920.312, 123
Trd, 002923.025, 112
Trd, 002939.900, 103
Trd, 002941.837, 108.0
Trd, 002941.862, 62.0
Trd, 002941.912, 111.0
Trd, 002942.262, 136
Trd, 002942.662, 139.0
Trd, 002942.750, 115
Trd, 002943.012, 117
Trd, 002944.137, 128
Trd, 002944.612, 116.0
Trd, 002948.787, 108.0
Trd, 002949.337, 123
Trd, 002951.737, 107
Trd, 002952.787, 117
Trd, 002955.000, 106
Trd, 002957.175, 93.0
Trd, 002971.962, 144.0
Trd, 002972.150, 127
Trd, 002972.300, 142.0
Trd, 002972.675, 118
Trd, 002972.875, 126
Trd, 002973.600, 121
Trd, 002973.650, 116.0
Trd, 002973.737, 108.0
Trd, 002974.012, 126
Trd, 002975.600, 113
Trd, 002975.725, 105
Trd, 002980.250, 121
Trd, 002980.587, 126
Trd, 002991.950, 94
Trd, 003001.987, 150.0
Trd, 003002.037, 93.0
Trd, 003002.150, 110
Trd, 003002.337, 108
Trd, 003002.400, 111.0
Trd, 003002.437, 108
Trd, 003002.900, 116.0
Trd, 003003.425, 112
Trd, 003003.837, 108.0
Trd, 003004.475, 114
Trd, 003005.737, 116
Trd, 003008.237, 115
Trd, 003008.587, 106
Trd, 003011.425, 94
Trd, 003016.162, 111
Trd, 003023.662, 94
Trd, 003031.887, 118
Trd, 003032.037, 110
Trd, 003032.200, 142.0
Trd, 003032.225, 85
Trd, 003032.462, 111.0
Trd, 003032.600, 115
Trd, 003033.350, 101
Trd, 003034.012, 101
Trd, 003034.162, 108.0
Trd, 003036.375, 102
Trd, 003037.287, 106
Trd, 003050.637, 94
Trd, 003055.700, 117
Trd, 003061.900, 132.0
Trd, 003062.112, 80.0
Trd, 003062.125, 98.0
Trd, 003062.150, 100
Trd, 003062.475, 108.0
Trd, 003062.650, 116.0
Trd, 003063.562, 113
Trd, 003063.800, 123
Trd, 003063.837, 109
Trd, 003064.550, 127
Trd, 003064.637, 94
Trd, 003065.075, 104
Trd, 003067.925, 108
Trd, 003074.000, 102
Trd, 003076.150, 111.0
Trd, 003092.012, 108.0
Trd, 003092.150, 81
Trd, 003092.350, 104
Trd, 003092.437, 108.0
Trd, 003092.550, 103
Trd, 003092.912, 100
Trd, 003092.950, 80
Trd, 003093.100, 102
Trd, 003093.425, 109
Trd, 003094.300, 96.0
Trd, 003096.912, 98
Trd, 003102.012, 107
Trd, 003104.325, 108
Trd, 003114.575, 106
Trd, 003119.925, 104
Trd, 003122.037, 128
Trd, 003122.050, 116.0
Trd, 003122.337, 144.0
Trd, 003122.562, 142.0
Trd, 003122.675, 108.0
Trd, 003122.762, 104
Trd, 003123.112, 103
Trd, 003123.137, 111.0
Trd, 003123.762, 108.0
Trd, 003127.937, 106
Trd, 003128.125, 95
Trd, 003130.025, 107
Trd, 003130.037, 108
Trd, 003134.450, 98
Trd, 003137.850, 97
Trd, 003152.062, 75.0
Trd, 003152.100, 96.0
Trd, 003152.387, 92
Trd, 003152.587, 108.0
Trd, 003152.950, 99
Trd, 003153.287, 94
Trd, 003153.812, 98.0
Trd, 003153.825, 93.0
Trd, 003153.950, 86
Trd, 003154.287, 111.0
Trd, 003154.750, 116
Trd, 003159.662, 113
Trd, 003166.587, 112
Trd, 003178.850, 102
Trd, 003182.050, 142.0
Trd, 003182.062, 93
Trd, 003182.225, 139.0
Trd, 003182.337, 108.0
Trd, 003182.562, 111.0
Trd, 003182.837, 109
Trd, 003183.062, 108
Trd, 003183.275, 102
Trd, 003183.350, 118
Trd, 003183.725, 114
Trd, 003185.687, 101
Trd, 003191.237, 113
Trd, 003191.387, 112
Trd, 003193.362, 110
Trd, 003193.875, 95
Trd, 003208.037, 93.0
Trd, 003212.025, 116.0
Trd, 003212.150, 108.0
Trd, 003212.237, 132.0
Trd, 003212.350, 142.0
Trd, 003212.600, 107
Trd, 003212.687, 111.0
Trd, 003212.875, 117
Trd, 003212.912, 118
Trd, 003214.175, 98.0
Trd, 003215.162, 112
Trd, 003219.437, 108
Trd, 003220.737, 107
Trd, 003221.975, 106
Trd, 003241.275, 95
Trd, 003242.100, 144.0
Trd, 003242.187, 139.0
Trd, 003242.237, 116.0
Trd, 003242.650, 114
Trd, 003243.175, 96.0
Trd, 003243.475, 98.0
Trd, 003243.612, 110
Trd, 003243.637, 111
Trd, 003245.950, 93.0
Trd, 003246.812, 97
Trd, 003249.000, 107
Trd, 003252.787, 111.0
Trd, 003261.712, 107
Trd, 003261.775, 103
Trd, 003270.312, 95
Trd, 003272.187, 103
Trd, 003272.362, 144.0
Trd, 003272.412, 139.0
Trd, 003272.450, 150.0
Trd, 003272.925, 116.0
Trd, 003272.975, 102
Trd, 003273.100, 96.0
Trd, 003273.837, 123
Trd, 003273.937, 108.0
Trd, 003274.750, 125
Trd, 003280.587, 110
Trd, 003280.687, 99
Trd, 003281.375, 111.0
Trd, 003281.675, 103
Trd, 003301.587, 97
Trd, 003302.237, 120
Trd, 003302.325, 82
Trd, 003302.687, 109
Trd, 003302.812, 99
Trd, 003303.162, 106
Trd, 003303.187, 98
Trd, 003303.500, 107
Trd, 003303.575, 98.0
Trd, 003304.037, 97
Trd, 003304.212, 108.0
Trd, 003305.537, 103
Trd, 003305.662, 95
Trd, 003307.937, 111.0
Trd, 003309.575, 101
Trd, 003314.487, 104
Trd, 003318.550, 115
Trd, 003318.750, 110
Trd, 003332.162, 139.0
Trd, 003332.287, 111
Trd, 003332.337, 98.0
Trd, 003333.225, 126
Trd, 003333.362, 108.0
Trd, 003333.650, 127
Trd, 003334.212, 110
Trd, 003335.287, 111.0
Trd, 003335.425, 110
Trd, 003338.550, 98
Trd, 003339.337, 113
Trd, 003339.825, 94
Trd, 003340.425, 93.0
Trd, 003342.325, 87
Trd, 003357.750, 101
Trd, 003362.325, 144.0
Trd, 003362.375, 125
Trd, 003362.712, 120
Trd, 003362.787, 116.0
Trd, 003363.075, 132.0
Trd, 003363.425, 108.0
Trd, 003363.462, 103
Trd, 003364.012, 118
Trd, 003364.212, 118
Trd, 003365.050, 114
Trd, 003365.100, 95
Trd, 003366.525, 118
Trd, 003369.000, 99
Trd, 003369.175, 93.0
Trd, 003369.612, 118
Trd, 003377.625, 110
Trd, 003386.087, 93
Trd, 003392.275, 150.0
Trd, 003392.300, 129
Trd, 003392.312, 116.0
Trd, 003392.537, 141
Trd, 003392.787, 75.0
Trd, 003392.850, 73.0
Trd, 003393.962, 109
Trd, 003394.075, 114
Trd, 003394.437, 113
Trd, 003394.737, 117
Trd, 003394.937, 108.0
Trd, 003398.587, 109
Trd, 003399.087, 108
Trd, 003406.937, 95
Trd, 003418.137, 95
Trd, 003421.312, 111
Trd, 003422.250, 98.0
Trd, 003422.300, 139.0
Trd, 003422.450, 108.0
Trd, 003422.600, 115
Trd, 003422.900, 116.0
Trd, 003423.075, 119
Trd, 003423.525, 114
Trd, 003423.750, 108.0
Trd, 003424.650, 134
Trd, 003426.912, 108
Trd, 003428.387, 110
Trd, 003429.837, 95
Trd, 003430.912, 93.0
Trd, 003431.162, 113
Trd, 003440.487, 109
Trd, 003440.700, 94
Trd, 003452.275, 96.0
Trd, 003452.362, 98.0
Trd, 003452.575, 111.0
Trd, 003452.762, 94
Trd, 003453.187, 118
Trd, 003453.450, 132.0
Trd, 003453.587, 142.0
Trd, 003453.675, 114
Trd, 003453.800, 142.0
Trd, 003455.462, 108.0
Trd, 003459.225, 103
Trd, 003459.450, 99
Trd, 003461.850, 109
Trd, 003463.525, 93.0
Trd, 003464.837, 101
Trd, 003467.775, 94
Trd, 003470.337, 109
Trd, 003482.275, 150.0
Trd, 003482.337, 112
Trd, 003482.475, 139.0
Trd, 003482.812, 108.0
Trd, 003482.837, 106
Trd, 003482.875, 113
Trd, 003482.887, 120
Trd, 003483.525, 103
Trd, 003484.225, 110
Trd, 003485.450, 107
Trd, 003486.787, 102
Trd, 003488.937, 95
Trd, 003494.600, 95
Trd, 003495.325, 111.0
Trd, 003502.037, 93.0
Trd, 003503.025, 96
Trd, 003512.387, 68
Trd, 003512.625, 108.0
Trd, 003512.675, 93.0
Trd, 003512.700, 119
Trd, 003512.750, 97
Trd, 003513.012, 111.0
Trd, 003513.387, 124
Trd, 003513.462, 108.0
Trd, 003513.625, 132.0
Trd, 003513.762, 107
Trd, 003514.625, 112
Trd, 003516.012, 112
Trd, 003516.250, 112
Trd, 003518.062, 106
Trd, 003518.187, 95
Trd, 003519.812, 106
Trd, 003522.812, 103
Trd, 003542.300, 142.0
Trd, 003542.362, 144.0
Trd, 003542.412, 81
Trd, 003542.637, 97
Trd, 003542.950, 94
Trd, 003543.225, 93
Trd, 003543.975, 98.0
Trd, 003544.237, 100
Trd, 003544.425, 105
Trd, 003544.762, 96.0
Trd, 003546.375, 95
Trd, 003546.512, 101
Trd, 003550.200, 111.0
Trd, 003556.100, 108
Trd, 003564.987, 94
Trd, 003572.375, 104
Trd, 003572.437, 108.0
Trd, 003572.687, 116.0
Trd, 003572.825, 113
Trd, 003572.962, 93.0
Trd, 003573.012, 132.0
Trd, 003573.687, 98.0
Trd, 003573.787, 88
Trd, 003573.862, 111.0
Trd, 003574.075, 96.0
Trd, 003574.462, 121
Trd, 003575.350, 119
Trd, 003578.100, 112
Trd, 003580.650, 97
Trd, 003582.962, 106
Trd, 003586.587, 119
Trd, 003592.712, 108
Trd, 003595.400, 93
Trd, 003602.400, 62.0
Trd, 003602.600, 75.0
Trd, 003602.862, 96.0
Trd, 003603.037, 108.0
Trd, 003603.225, 117
Trd, 003603.250, 103
Trd, 003603.775, 98.0
Trd, 003603.787, 100
Trd, 003606.187, 114
Trd, 003606.962, 113
Trd, 003607.475, 121
Trd, 003610.462, 117
Trd, 003613.125, 116
Trd, 003614.650, 94
Trd, 003616.762, 93.0
Trd, 003619.775, 111
Trd, 003632.412, 150.0
Trd, 003632.525, 142.0
Trd, 003632.575, 108.0
Trd, 003633.050, 139.0
Trd, 003633.200, 121
Trd, 003633.375, 127
Trd, 003634.275, 111.0
Trd, 003635.212, 116.0
Trd, 003635.525, 110
Trd, 003635.712, 107
Trd, 003636.312, 96.0
Trd, 003636.337, 95
Trd, 003647.900, 93.0
Trd, 003650.625, 108
Trd, 003662.387, 144.0
Trd, 003662.462, 78
Trd, 003662.775, 108.0
Trd, 003662.962, 108.0
Trd, 003663.050, 98
Trd, 003663.212, 110
Trd, 003663.500, 98
Trd, 003663.775, 109
Trd, 003664.337, 111.0
Trd, 003675.000, 109
Trd, 003678.050, 110
Trd, 003679.550, 108
Trd, 003681.137, 106
Trd, 003681.225, 93.0
Trd, 003686.200, 99
Trd, 003692.550, 75.0
Trd, 003692.662, 98.0
Trd, 003692.950, 150.0
Trd, 003692.975, 105
Trd, 003693.062, 108
Trd, 003693.437, 107
Trd, 003694.087, 111.0
Trd, 003694.612, 132.0
Trd, 003694.637, 133
Trd, 003697.825, 116.0
Trd, 003698.087, 115
Trd, 003700.112, 97
Trd, 003701.400, 95
Trd, 003703.300, 101
Trd, 003706.150, 123
Trd, 003720.112, 112
Trd, 003722.550, 80.0
Trd, 003722.600, 98.0
Trd, 003722.925, 96.0
Trd, 003723.137, 140
Trd, 003723.450, 139.0
Trd, 003723.512, 116.0
Trd, 003723.750, 113
Trd, 003724.037, 115
Trd, 003724.475, 108.0
Trd, 003725.500, 117
Trd, 003726.012, 142.0
Trd, 003729.037, 95
Trd, 003732.325, 101
Trd, 003736.525, 110
Trd, 003737.187, 97
Trd, 003740.487, 93.0
Trd, 003749.437, 99
Trd, 003752.487, 75.0
Trd, 003752.537, 121
Trd, 003752.775, 96.0
Trd, 003753.025, 94
Trd, 003753.525, 93.0
Trd, 003753.575, 98.0
Trd, 003753.800, 92
Trd, 003753.837, 125
Trd, 003754.200, 108.0
Trd, 003754.387, 111.0
Trd, 003755.937, 115
Trd, 003759.075, 116.0
Trd, 003766.225, 116
Trd, 003767.762, 110
Trd, 003770.187, 101
Trd, 003778.575, 117
Trd, 003782.037, 87
Trd, 003782.750, 142.0
Trd, 003782.937, 120
Trd, 003783.075, 119
Trd, 003783.100, 119
Trd, 003783.437, 85
Trd, 003783.475, 98.0
Trd, 003783.862, 108.0
Trd, 003784.387, 108.0
Trd, 003784.562, 124
Trd, 003784.975, 114
Trd, 003786.137, 103
Trd, 003788.462, 113
Trd, 003796.812, 98
Trd, 003799.312, 115
Trd, 003812.537, 62.0
Trd, 003812.612, 96.0
Trd, 003812.775, 108.0
Trd, 003812.887, 111.0
Trd, 003812.912, 97
Trd, 003813.187, 142.0
Trd, 003814.100, 116.0
Trd, 003814.725, 116
Trd, 003815.237, 98.0
Trd, 003816.250, 97
Trd, 003816.612, 94
Trd, 003816.625, 121
Trd, 003823.087, 93.0
Trd, 003829.462, 95
Trd, 003830.312, 119
Trd, 003842.575, 140
Trd, 003842.587, 108.0
Trd, 003842.625, 150.0
Trd, 003842.837, 109
Trd, 003842.937, 126
Trd, 003842.987, 116.0
Trd, 003843.212, 113
Trd, 003843.750, 125
Trd, 003843.825, 127
Trd, 003843.862, 113
Trd, 003847.012, 99
Trd, 003850.212, 108.0
Trd, 003852.050, 95
Trd, 003855.737, 95
Trd, 003859.700, 93.0
Trd, 003867.987, 87
Trd, 003872.550, 92
Trd, 003872.600, 142.0
Trd, 003872.687, 147.0
Trd, 003873.037, 120
Trd, 003873.400, 120
Trd, 003873.462, 119
Trd, 003873.650, 118
Trd, 003873.712, 124
Trd, 003874.000, 116.0
Trd, 003874.337, 108.0
Trd, 003874.837, 119
Trd, 003878.487, 103
Trd, 003880.837, 116
Trd, 003888.800, 93.0
Trd, 003895.012, 98
Trd, 003902.112, 87
Trd, 003902.712, 98.0
Trd, 003902.800, 144.0
Trd, 003902.850, 93.0
Trd, 003902.912, 147.0
Trd, 003903.650, 111
Trd, 003903.987, 132.0
Trd, 003904.675, 126
Trd, 003904.887, 116.0
Trd, 003905.400, 109
Trd, 003906.162, 108.0
Trd, 003906.462, 104
Trd, 003909.137, 111.0
Trd, 003914.100, 103
Trd, 003916.762, 108
Trd, 003918.625, 117
Trd, 003925.187, 106
Trd, 003925.300, 95
Trd, 003932.050, 87
Trd, 003932.600, 127
Trd, 003932.637, 96
Trd, 003932.825, 144.0
Trd, 003932.912, 111
Trd, 003933.075, 129
Trd, 003933.850, 108.0
Trd, 003933.887, 111.0
Trd, 003934.100, 108.0
Trd, 003934.650, 107
Trd, 003935.387, 115
Trd, 003935.975, 116
Trd, 003938.512, 104
Trd, 003943.537, 95
Trd, 003952.962, 123
Trd, 003958.850, 93.0
Trd, 003962.662, 142.0
Trd, 003962.912, 113
Trd, 003962.987, 96.0
Trd, 003963.025, 93.0
Trd, 003963.112, 108.0
Trd, 003963.425, 93
Trd, 003964.537, 97
Trd, 003965.025, 98.0
Trd, 003965.537, 102
Trd, 003968.075, 111.0
Trd, 003970.362, 111
Trd, 003974.087, 116
Trd, 003979.012, 109
Trd, 003992.850, 108.0
Trd, 003992.975, 93.0
Trd, 003992.987, 109
Trd, 003993.062, 102
Trd, 003993.225, 109
Trd, 003993.325, 111.0
Trd, 003993.487, 102
Trd, 003993.837, 116
Trd, 003993.950, 102
Trd, 003994.625, 124
Trd, 003995.675, 116.0
Trd, 003996.025, 117
Trd, 003998.600, 94
Trd, 004000.325, 87
Trd, 004008.937, 82
Trd, 004022.775, 140
Trd, 004022.900, 139.0
Trd, 004022.987, 150.0
Trd, 004023.037, 124
Trd, 004023.062, 118
Trd, 004023.125, 116.0
Trd, 004023.225, 111
Trd, 004023.525, 126
Trd, 004023.700, 108.0
Trd, 004024.025, 110
Trd, 004025.850, 96.0
Trd, 004033.712, 95
Trd, 004038.625, 103
Trd, 004040.287, 112
Trd, 004040.825, 104
Trd, 004048.725, 93.0
Trd, 004052.712, 75.0
Trd, 004052.862, 96.0
Trd, 004052.937, 108.0
Trd, 004053.400, 111.0
Trd, 004053.475, 100
Trd, 004053.725, 132.0
Trd, 004055.050, 119
Trd, 004055.837, 116.0
Trd, 004056.100, 116
Trd, 004068.087, 119
Trd, 004074.237, 117
Trd, 004076.587, 118
Trd, 004082.812, 117
Trd, 004082.887, 116.0
Trd, 004082.925, 111.0
Trd, 004083.150, 111
Trd, 004083.275, 108.0
Trd, 004083.487, 109
Trd, 004083.587, 115
Trd, 004084.237, 109
Trd, 004084.300, 85
Trd, 004084.625, 111
Trd, 004085.225, 96
Trd, 004085.975, 112
Trd, 004095.262, 104
Trd, 004096.637, 102
Trd, 004099.200, 116
Trd, 004101.012, 95
Trd, 004103.275, 93.0
Trd, 004112.787, 139
Trd, 004112.825, 106
Trd, 004112.925, 125
Trd, 004113.125, 108.0
Trd, 004113.562, 128
Trd, 004113.587, 132.0
Trd, 004113.612, 108
Trd, 004113.862, 96
Trd, 004114.325, 112
Trd, 004116.962, 110
Trd, 004119.512, 111.0
Trd, 004121.937, 113
Trd, 004122.500, 108.0
Trd, 004122.762, 113
Trd, 004142.800, 124
Trd, 004142.875, 116.0
Trd, 004143.050, 107
Trd, 004143.312, 111.0
Trd, 004143.987, 120
Trd, 004144.337, 108.0
Trd, 004144.612, 108.0
Trd, 004144.662, 107
Trd, 004144.862, 104
Trd, 004145.400, 102
Trd, 004145.875, 105
Trd, 004147.250, 107
Trd, 004167.487, 95
Trd, 004169.150, 100
Trd, 004171.200, 113
Trd, 004172.825, 147.0
Trd, 004172.900, 112
Trd, 004173.062, 111
Trd, 004173.087, 134
Trd, 004173.200, 114
Trd, 004173.562, 108.0
Trd, 004173.700, 107
Trd, 004173.812, 108.0
Trd, 004174.162, 114
Trd, 004174.375, 113
Trd, 004175.825, 113
Trd, 004175.887, 116
Trd, 004176.137, 105
Trd, 004189.425, 108
Trd, 004200.812, 99
Trd, 004202.250, 95
Trd, 004202.862, 62.0
Trd, 004203.000, 96.0
Trd, 004203.187, 75.0
Trd, 004203.362, 98.0
Trd, 004203.487, 144.0
Trd, 004203.737, 117
Trd, 004204.250, 142.0
Trd, 004206.012, 122
Trd, 004206.387, 117
Trd, 004210.950, 108.0
Trd, 004212.212, 110
Trd, 004216.000, 114
Trd, 004216.175, 96
Trd, 004232.912, 62.0
Trd, 004233.012, 106
Trd, 004233.062, 111.0
Trd, 004233.262, 102
Trd, 004233.312, 106
Trd, 004233.500, 101
Trd, 004233.687, 108.0
Trd, 004233.737, 117
Trd, 004233.875, 120
Trd, 004234.250, 116.0
Trd, 004235.075, 109
Trd, 004235.275, 132.0
Trd, 004235.400, 108.0
Trd, 004237.050, 95
Trd, 004241.525, 93.0
Trd, 004245.762, 103
Trd, 004247.350, 96
Trd, 004262.912, 108.0
Trd, 004263.012, 142.0
Trd, 004263.125, 85
Trd, 004263.225, 139.0
Trd, 004263.325, 142.0
Trd, 004263.462, 100
Trd, 004263.475, 99
Trd, 004263.625, 94
Trd, 004264.937, 102
Trd, 004265.112, 113
Trd, 004272.225, 111
Trd, 004273.612, 105
Trd, 004274.512, 93.0
Trd, 004287.975, 91
Trd, 004293.187, 108.0
Trd, 004293.300, 98.0
Trd, 004293.850, 105
Trd, 004293.975, 99
Trd, 004294.000, 106
Trd, 004294.087, 96.0
Trd, 004294.175, 111.0
Trd, 004294.400, 116
Trd, 004294.500, 120
Trd, 004294.687, 99
Trd, 004295.300, 97
Trd, 004295.725, 95
Trd, 004300.425, 115
Trd, 004305.262, 98
Trd, 004306.800, 114
Trd, 004323.037, 144.0
Trd, 004323.312, 139.0
Trd, 004323.325, 113
Trd, 004323.375, 142
Trd, 004323.412, 116.0
Trd, 004323.425, 112
Trd, 004323.962, 122
Trd, 004324.025, 125
Trd, 004324.475, 108.0
Trd, 004325.287, 113
Trd, 004325.737, 106
Trd, 004333.112, 94
Trd, 004334.500, 93
Trd, 004340.087, 93.0
Trd, 004342.450, 104
Trd, 004342.762, 91
Trd, 004353.025, 127
Trd, 004353.137, 139.0
Trd, 004353.337, 104
Trd, 004353.437, 116.0
Trd, 004353.550, 108.0
Trd, 004353.612, 142.0
Trd, 004353.725, 98.0
Trd, 004353.937, 97
Trd, 004354.050, 150.0
Trd, 004355.050, 111
Trd, 004355.662, 108
Trd, 004356.687, 108.0
Trd, 004357.912, 109
Trd, 004366.875, 111.0
Trd, 004371.950, 95
Trd, 004383.150, 111
Trd, 004383.537, 116.0
Trd, 004383.725, 117
Trd, 004384.150, 112
Trd, 004384.175, 111
Trd, 004384.187, 108.0
Trd, 004384.300, 113
Trd, 004385.050, 111.0
Trd, 004386.037, 109
Trd, 004386.112, 95
Trd, 004389.950, 100
Trd, 004391.650, 126
Trd, 004396.187, 97
Trd, 004398.675, 94
Trd, 004413.012, 127
Trd, 004413.312, 93.0
Trd, 004413.412, 98.0
Trd, 004413.612, 108.0
Trd, 004413.812, 111.0
Trd, 004413.975, 112
Trd, 004414.137, 118
Trd, 004414.425, 99
Trd, 004414.962, 132.0
Trd, 004415.287, 111
Trd, 004416.625, 108
Trd, 004422.787, 108.0
Trd, 004432.262, 117
Trd, 004440.512, 95
Trd, 004442.012, 99
Trd, 004443.037, 96.0
Trd, 004443.462, 132.0
Trd, 004443.562, 111
Trd, 004443.762, 116.0
Trd, 004443.775, 115
Trd, 004444.137, 116
Trd, 004444.225, 147.0
Trd, 004444.337, 115
Trd, 004444.787, 108.0
Trd, 004445.062, 94
Trd, 004445.525, 103
Trd, 004462.537, 93.0
Trd, 004462.900, 103
Trd, 004463.662, 105
Trd, 004463.762, 109
Trd, 004473.100, 108.0
Trd, 004473.200, 118
Trd, 004473.700, 110
Trd, 004473.837, 111.0
Trd, 004473.937, 101
Trd, 004474.350, 97
Trd, 004474.650, 96.0
Trd, 004475.475, 105
Trd, 004475.537, 108.0
Trd, 004476.000, 110
Trd, 004481.737, 114
Trd, 004488.375, 114
Trd, 004490.275, 104
Trd, 004497.200, 95
Trd, 004503.137, 108.0
Trd, 004503.350, 108
Trd, 004503.487, 111.0
Trd, 004503.612, 108
Trd, 004503.750, 107
Trd, 004504.237, 106
Trd, 004504.625, 108.0
Trd, 004504.925, 116
Trd, 004504.962, 105
Trd, 004505.325, 102
Trd, 004505.362, 106
Trd, 004506.137, 127
Trd, 004509.062, 99
Trd, 004510.150, 95
Trd, 004513.625, 93.0
Trd, 004521.275, 87
Trd, 004533.150, 118
Trd, 004533.187, 126
Trd, 004533.225, 116
Trd, 004533.300, 144.0
Trd, 004533.362, 133
Trd, 004533.625, 129
Trd, 004533.700, 113
Trd, 004534.137, 98
Trd, 004534.237, 115
Trd, 004536.812, 116.0
Trd, 004545.912, 119
Trd, 004548.900, 108.0
Trd, 004550.437, 94
Trd, 004563.175, 122
Trd, 004563.412, 108.0
Trd, 004563.462, 127
Trd, 004563.637, 90
Trd, 004563.750, 89
Trd, 004563.862, 98.0
Trd, 004564.062, 96.0
Trd, 004564.075, 107
Trd, 004564.237, 93.0
Trd, 004564.375, 114
Trd, 004564.475, 127
Trd, 004565.337, 108.0
Trd, 004566.212, 109
Trd, 004569.937, 107
Trd, 004573.200, 111.0
Trd, 004585.425, 95
Trd, 004593.250, 83
Trd, 004593.300, 97
Trd, 004593.450, 108.0
Trd, 004593.687, 101
Trd, 004593.825, 111.0
Trd, 004593.887, 104
Trd, 004594.062, 116
Trd, 004594.525, 103
Trd, 004594.887, 103
Trd, 004595.212, 127
Trd, 004597.937, 114
Trd, 004600.700, 114
Trd, 004603.300, 113
Trd, 004605.575, 108.0
Trd, 004608.400, 98
Trd, 004609.412, 107
Trd, 004617.862, 95
Trd, 004621.262, 93.0
Trd, 004623.212, 62.0
Trd, 004623.650, 142.0
Trd, 004623.762, 150.0
Trd, 004623.950, 136
Trd, 004624.350, 116.0
Trd, 004624.937, 111
Trd, 004625.275, 110
Trd, 004625.500, 111.0
Trd, 004625.800, 108.0
Trd, 004626.437, 109
Trd, 004629.600, 110
Trd, 004631.000, 95
Trd, 004633.462, 105
Trd, 004637.150, 113
Trd, 004653.300, 119
Trd, 004653.350, 108
Trd, 004653.387, 132.0
Trd, 004653.475, 116.0
Trd, 004653.600, 108.0
Trd, 004654.037, 139.0
Trd, 004654.337, 119
Trd, 004654.862, 94
Trd, 004654.912, 98.0
Trd, 004655.087, 111.0
Trd, 004657.737, 125
Trd, 004660.312, 123
Trd, 004660.737, 123
Trd, 004666.412, 105
Trd, 004668.287, 93.0
Trd, 004671.525, 111
Trd, 004676.025, 108
Trd, 004683.250, 143
Trd, 004683.387, 118
Trd, 004683.450, 110
Trd, 004683.712, 116
Trd, 004683.800, 111.0
Trd, 004683.912, 132
Trd, 004684.112, 108.0
Trd, 004684.650, 98.0
Trd, 004685.137, 102
Trd, 004685.475, 97
Trd, 004685.662, 109
Trd, 004691.250, 94
Trd, 004697.800, 111
Trd, 004704.350, 93.0
Trd, 004710.925, 87
Trd, 004713.450, 142.0
Trd, 004713.550, 108.0
Trd, 004713.675, 98
Trd, 004713.812, 116.0
Trd, 004714.087, 98.0
Trd, 004714.362, 106
Trd, 004714.812, 105
Trd, 004715.062, 111.0
Trd, 004721.800, 108.0
Trd, 004724.437, 117
Trd, 004728.075, 106
Trd, 004735.725, 113
Trd, 004743.350, 102
Trd, 004743.525, 102
Trd, 004743.575, 142
Trd, 004743.725, 117
Trd, 004743.787, 116.0
Trd, 004743.987, 142.0
Trd, 004744.300, 142.0
Trd, 004744.325, 94
Trd, 004745.037, 98.0
Trd, 004745.050, 108.0
Trd, 004745.925, 96.0
Trd, 004745.962, 93.0
Trd, 004748.912, 100
Trd, 004749.750, 104
Trd, 004750.100, 109
Trd, 004758.387, 95
Trd, 004769.662, 96
Trd, 004773.312, 96.0
Trd, 004773.512, 94
Trd, 004773.587, 108.0
Trd, 004773.700, 132.0
Trd, 004773.812, 103
Trd, 004773.875, 135
Trd, 004773.987, 89
Trd, 004774.050, 111.0
Trd, 004774.387, 98.0
Trd, 004775.312, 125
Trd, 004777.250, 121
Trd, 004781.775, 119
Trd, 004781.950, 115
Trd, 004786.962, 117
Trd, 004789.225, 114
Trd, 004790.400, 93.0
Trd, 004803.475, 108.0
Trd, 004803.562, 87
Trd, 004803.612, 75.0
Trd, 004804.000, 98.0
Trd, 004804.012, 114
Trd, 004804.275, 117
Trd, 004804.562, 96.0
Trd, 004804.850, 111.0
Trd, 004805.037, 108.0
Trd, 004805.237, 124
Trd, 004806.225, 108
Trd, 004807.800, 111
Trd, 004825.112, 116
Trd, 004827.875, 109
Trd, 004828.350, 95
Trd, 004831.787, 93.0
Trd, 004833.600, 139.0
Trd, 004833.625, 125
Trd, 004833.712, 116.0
Trd, 004833.737, 117
Trd, 004833.837, 107
Trd, 004833.937, 108.0
Trd, 004834.187, 113
Trd, 004834.337, 93.0
Trd, 004834.862, 95
Trd, 004835.500, 96.0
Trd, 004836.150, 100
Trd, 004837.287, 111.0
Trd, 004839.475, 125
Trd, 004842.487, 115
Trd, 004848.675, 113
Trd, 004860.162, 89
Trd, 004863.412, 139.0
Trd, 004863.450, 77
Trd, 004863.837, 103
Trd, 004863.850, 108.0
Trd, 004864.075, 110
Trd, 004864.300, 103
Trd, 004865.250, 103
Trd, 004865.325, 104
Trd, 004865.462, 111.0
Trd, 004866.587, 116
Trd, 004868.850, 102
Trd, 004871.700, 111
Trd, 004874.325, 108
Trd, 004879.737, 95
Trd, 004892.850, 93.0
Trd, 004893.487, 96.0
Trd, 004893.550, 98.0
Trd, 004893.975, 96
Trd, 004894.075, 101
Trd, 004894.087, 108.0
Trd, 004894.737, 113
Trd, 004894.800, 131
Trd, 004895.025, 122
Trd, 004895.750, 96
Trd, 004897.162, 94
Trd, 004902.575, 106
Trd, 004902.800, 99
Trd, 004912.700, 95
Trd, 004921.200, 118
Trd, 004923.475, 93.0
Trd, 004923.662, 96
Trd, 004923.925, 94
Trd, 004924.050, 96.0
Trd, 004924.175, 98.0
Trd, 004924.262, 102
Trd, 004924.537, 98
Trd, 004924.775, 88
Trd, 004924.837, 100
Trd, 004925.012, 108.0
Trd, 004928.650, 111.0
Trd, 004930.425, 103
Trd, 004932.987, 117
Trd, 004936.337, 106
Trd, 004953.700, 108.0
Trd, 004953.737, 109
Trd, 004954.062, 119
Trd, 004954.125, 111
Trd, 004954.212, 124
Trd, 004954.362, 132.0
Trd, 004954.550, 116.0
Trd, 004954.812, 141
Trd, 004955.100, 142.0
Trd, 004955.662, 119
Trd, 004956.712, 108.0
Trd, 004958.537, 98.0
Trd, 004960.725, 102
Trd, 004961.725, 102
Trd, 004965.737, 95
Trd, 004967.312, 105
Trd, 004974.775, 93.0
Trd, 004983.687, 111.0
Trd, 004983.812, 125
Trd, 004983.862, 116.0
Trd, 004984.150, 139.0
Trd, 004984.275, 108.0
Trd, 004984.287, 99
Trd, 004984.512, 108.0
Trd, 004985.262, 106
Trd, 004985.525, 112
Trd, 004989.062, 108
Trd, 004990.150, 120
Trd, 004993.125, 105
Trd, 004998.887, 94
Trd, 005013.512, 75.0
Trd, 005013.687, 132.0
Trd, 005013.787, 95
Trd, 005014.075, 142.0
Trd, 005014.337, 139.0
Trd, 005014.775, 116
Trd, 005014.837, 144.0
Trd, 005015.025, 115
Trd, 005015.850, 114
Trd, 005016.912, 116.0
Trd, 005017.412, 108.0
Trd, 005027.712, 117
Trd, 005036.175, 95
Trd, 005039.287, 95
Trd, 005039.662, 114
Trd, 005040.662, 95
Trd, 005043.675, 109
Trd, 005043.887, 94
Trd, 005043.962, 108
Trd, 005044.137, 102
Trd, 005044.400, 111.0
Trd, 005044.762, 100
Trd, 005044.962, 108.0
Trd, 005045.537, 110
Trd, 005045.850, 100
Trd, 005046.887, 108.0
Trd, 005047.262, 100
Trd, 005053.687, 116
Trd, 005069.762, 106
Trd, 005073.762, 108.0
Trd, 005073.837, 108.0
Trd, 005073.975, 116
Trd, 005074.162, 110
Trd, 005074.275, 139
Trd, 005074.362, 109
Trd, 005074.525, 115
Trd, 005075.250, 114
Trd, 005075.375, 111.0
Trd, 005075.425, 126
Trd, 005075.525, 107
Trd, 005080.250, 110
Trd, 005082.862, 95
Trd, 005084.075, 94
Trd, 005095.325, 93.0
Trd, 005101.562, 124
Trd, 005103.625, 122
Trd, 005103.650, 100
Trd, 005103.675, 144.0
Trd, 005104.187, 121
Trd, 005104.212, 125
Trd, 005104.225, 115
Trd, 005104.375, 96.0
Trd, 005104.387, 116
Trd, 005105.237, 116.0
Trd, 005106.837, 111.0
Trd, 005107.775, 108.0
Trd, 005126.562, 98
Trd, 005133.762, 98.0
Trd, 005133.900, 108
Trd, 005133.975, 126
Trd, 005134.212, 113
Trd, 005134.287, 116.0
Trd, 005134.375, 110
Trd, 005134.512, 108.0
Trd, 005134.575, 132.0
Trd, 005134.837, 108.0
Trd, 005134.887, 142.0
Trd, 005136.062, 99
Trd, 005137.912, 107
Trd, 005140.162, 106
Trd, 005140.325, 111.0
Trd, 005146.025, 96
Trd, 005146.800, 95
Trd, 005158.937, 93.0
Trd, 005163.725, 111.0
Trd, 005163.812, 111
Trd, 005163.987, 108.0
Trd, 005164.137, 108.0
Trd, 005164.175, 93.0
Trd, 005164.587, 98.0
Trd, 005165.212, 96
Trd, 005165.775, 103
Trd, 005165.850, 84
Trd, 005165.887, 100
Trd, 005167.200, 92
Trd, 005168.012, 117
Trd, 005173.287, 116
Trd, 005176.500, 115
Trd, 005176.687, 109
Trd, 005177.800, 111
Trd, 005177.950, 101
Trd, 005193.850, 96.0
Trd, 005193.887, 111.0
Trd, 005194.037, 132.0
Trd, 005194.412, 106
Trd, 005194.612, 105
Trd, 005194.625, 108
Trd, 005195.012, 106
Trd, 005195.037, 108.0
Trd, 005195.200, 110
Trd, 005195.450, 110
Trd, 005196.125, 94
Trd, 005197.475, 98.0
Trd, 005200.025, 104
Trd, 005200.187, 117
Trd, 005206.675, 104
Trd, 005217.775, 93.0
Trd, 005223.725, 108.0
Trd, 005223.937, 142
Trd, 005223.975, 98.0
Trd, 005224.225, 133
Trd, 005224.487, 96
Trd, 005224.787, 100
Trd, 005225.012, 109
Trd, 005225.712, 111.0
Trd, 005226.100, 112
Trd, 005228.737, 116
Trd, 005228.925, 118
Trd, 005229.550, 102
Trd, 005231.662, 104
Trd, 005232.587, 95
Trd, 005248.937, 93.0
Trd, 005250.062, 110
Trd, 005254.150, 142.0
Trd, 005254.187, 139.0
Trd, 005254.200, 108.0
Trd, 005254.250, 142.0
Trd, 005254.500, 108.0
Trd, 005254.550, 111.0
Trd, 005254.612, 107
Trd, 005255.487, 105
Trd, 005255.675, 98
Trd, 005261.725, 114
Trd, 005262.275, 115
Trd, 005262.975, 104
Trd, 005263.387, 94
Trd, 005263.412, 93.0
Trd, 005267.787, 116
Trd, 005268.837, 87
Trd, 005277.750, 84
Trd, 005282.375, 103
Trd, 005283.912, 93.0
Trd, 005284.100, 98.0
Trd, 005284.125, 107
Trd, 005284.137, 108.0
Trd, 005284.200, 124
Trd, 005284.475, 108.0
Trd, 005284.512, 120
Trd, 005285.075, 114
Trd, 005285.675, 116
Trd, 005285.700, 113
Trd, 005287.900, 112
Trd, 005290.112, 111
Trd, 005294.450, 101
Trd, 005295.037, 95
Trd, 005296.687, 96
Trd, 005302.937, 117
Trd, 005305.737, 87
Trd, 005313.837, 142.0
Trd, 005313.937, 108
Trd, 005313.975, 96.0
Trd, 005314.325, 108.0
Trd, 005314.575, 96
Trd, 005315.137, 104
Trd, 005315.300, 108.0
Trd, 005315.325, 111.0
Trd, 005316.025, 98.0
Trd, 005316.400, 101
Trd, 005316.587, 116
Trd, 005319.375, 116.0
Trd, 005322.537, 108
Trd, 005324.137, 95
Trd, 005333.362, 106
Trd, 005335.287, 93.0
Trd, 005343.875, 104
Trd, 005343.912, 107
Trd, 005343.962, 97
Trd, 005344.012, 98.0
Trd, 005344.312, 97
Trd, 005344.375, 108.0
Trd, 005345.650, 111.0
Trd, 005345.712, 108.0
Trd, 005346.450, 108
Trd, 005349.212, 118
Trd, 005355.837, 109
Trd, 005356.862, 107
Trd, 005360.437, 106
Trd, 005365.075, 99
Trd, 005373.900, 142.0
Trd, 005374.087, 116.0
Trd, 005374.237, 106
Trd, 005374.362, 108.0
Trd, 005374.487, 132
Trd, 005374.712, 113
Trd, 005374.812, 107
Trd, 005375.275, 128
Trd, 005376.237, 111
Trd, 005376.750, 111.0
Trd, 005377.325, 110
Trd, 005378.000, 115
Trd, 005383.012, 96
Trd, 005384.100, 95
Trd, 005387.612, 99
Trd, 005392.000, 93.0
Trd, 005403.925, 116.0
Trd, 005404.075, 115
Trd, 005404.087, 116
Trd, 005404.612, 98.0
Trd, 005404.662, 93.0
Trd, 005404.675, 108.0
Trd, 005405.387, 128
Trd, 005406.025, 110
Trd, 005406.837, 110
Trd, 005411.750, 111.0
Trd, 005411.925, 112
Trd, 005412.537, 108.0
Trd, 005414.137, 95
Trd, 005424.300, 111
Trd, 005427.587, 87
Trd, 005430.812, 82
Trd, 005431.712, 80.0
Trd, 005433.900, 101
Trd, 005433.950, 65
Trd, 005434.012, 129
Trd, 005434.062, 122
Trd, 005434.462, 114
Trd, 005434.637, 114
Trd, 005434.687, 122
Trd, 005434.800, 119
Trd, 005435.025, 111
Trd, 005435.175, 123
Trd, 005435.450, 93.0
Trd, 005436.050, 104
Trd, 005439.712, 109
Trd, 005442.250, 108.0
Trd, 005460.637, 106
Trd, 005462.637, 95
Trd, 005463.925, 142.0
Trd, 005464.037, 118
Trd, 005464.087, 119
Trd, 005464.137, 116.0
Trd, 005464.350, 108.0
Trd, 005464.375, 107
Trd, 005464.925, 108.0
Trd, 005465.212, 101
Trd, 005467.462, 103
Trd, 005471.050, 104
Trd, 005471.937, 95
Trd, 005472.912, 109
Trd, 005474.462, 96
Trd, 005477.237, 100
Trd, 005482.550, 93.0
Trd, 005486.850, 111.0
Trd, 005487.450, 87
Trd, 005493.987, 96.0
Trd, 005494.212, 116.0
Trd, 005494.250, 106
Trd, 005494.287, 100
Trd, 005494.837, 108.0
Trd, 005495.012, 107
Trd, 005495.225, 132.0
Trd, 005495.275, 108
Trd, 005496.137, 111.0
Trd, 005496.625, 111
Trd, 005496.750, 96
Trd, 005498.975, 116
Trd, 005502.675, 117
Trd, 005502.762, 114
Trd, 005504.012, 94
Trd, 005506.837, 125
Trd, 005517.000, 93.0
Trd, 005524.075, 108.0
Trd, 005524.225, 120
Trd, 005524.325, 108.0
Trd, 005524.350, 87
Trd, 005524.550, 119
Trd, 005524.562, 98
Trd, 005524.837, 96.0
Trd, 005524.912, 98.0
Trd, 005525.175, 108
Trd, 005525.275, 94
Trd, 005526.450, 104
Trd, 005528.612, 106
Trd, 005531.075, 113
Trd, 005541.075, 93.0
Trd, 005543.262, 111
Trd, 005545.125, 113
Trd, 005551.475, 94
Trd, 005554.125, 98.0
Trd, 005554.150, 108.0
Trd, 005554.250, 108.0
Trd, 005554.762, 96.0
Trd, 005555.050, 94
Trd, 005555.137, 103
Trd, 005555.362, 104
Trd, 005555.662, 113
Trd, 005556.962, 118
Trd, 005557.075, 116.0
Trd, 005566.075, 115
Trd, 005566.750, 116
Trd, 005567.687, 104
Trd, 005573.937, 104
Trd, 005577.075, 93.0
Trd, 005580.187, 107
Trd, 005584.012, 126
Trd, 005584.075, 139.0
Trd, 005584.275, 110
Trd, 005584.475, 98.0
Trd, 005584.800, 116.0
Trd, 005585.125, 110
Trd, 005585.362, 108.0
Trd, 005585.675, 96.0
Trd, 005586.150, 96
Trd, 005587.275, 108
Trd, 005587.862, 108.0
Trd, 005593.687, 104
Trd, 005595.250, 105
Trd, 005596.737, 104
Trd, 005614.050, 104
Trd, 005614.487, 96.0
Trd, 005614.525, 98
Trd, 005614.550, 108.0
Trd, 005614.712, 95
Trd, 005615.062, 116
Trd, 005615.150, 87
Trd, 005615.225, 129
Trd, 005615.262, 132.0
Trd, 005615.775, 98.0
Trd, 005615.812, 95
Trd, 005618.137, 111.0
Trd, 005619.112, 102
Trd, 005622.450, 124
Trd, 005626.725, 123
Trd, 005636.050, 115
Trd, 005644.175, 108.0
Trd, 005644.187, 132.0
Trd, 005644.412, 144.0
Trd, 005644.425, 109
Trd, 005644.700, 116.0
Trd, 005644.850, 115
Trd, 005645.337, 116
Trd, 005645.500, 108.0
Trd, 005645.575, 121
Trd, 005646.925, 111.0
Trd, 005647.450, 95
Trd, 005649.250, 113
Trd, 005652.325, 117
Trd, 005657.812, 112
Trd, 005667.237, 93.0
Trd, 005674.150, 94
Trd, 005674.300, 96.0
Trd, 005674.362, 99
Trd, 005674.900, 101
Trd, 005674.950, 100
Trd, 005674.987, 108.0
Trd, 005675.400, 99
Trd, 005675.475, 102
Trd, 005676.825, 111.0
Trd, 005678.325, 108.0
Trd, 005681.912, 112
Trd, 005685.912, 108
Trd, 005688.987, 93.0
Trd, 005690.187, 116
Trd, 005691.837, 92
Trd, 005704.112, 108.0
Trd, 005704.212, 96.0
Trd, 005704.450, 93.0
Trd, 005704.587, 108.0
Trd, 005704.762, 116
Trd, 005704.812, 125
Trd, 005704.837, 106
Trd, 005704.850, 102
Trd, 005705.350, 116.0
Trd, 005706.175, 115
Trd, 005707.662, 119
Trd, 005708.062, 132.0
Trd, 005708.725, 105
Trd, 005714.300, 95
Trd, 005718.125, 110
Trd, 005721.400, 94
Trd, 005734.475, 115
Trd, 005734.687, 116.0
Trd, 005735.175, 117
Trd, 005735.187, 115
Trd, 005735.225, 108.0
Trd, 005735.337, 128
Trd, 005735.537, 121
Trd, 005736.062, 111.0
Trd, 005736.237, 97
Trd, 005737.175, 120
Trd, 005742.425, 108.0
Trd, 005746.750, 107
Trd, 005749.450, 100
Trd, 005751.100, 102
Trd, 005751.337, 98
Trd, 005755.487, 95
Trd, 005764.162, 108.0
Trd, 005764.400, 105
Trd, 005764.800, 129
Trd, 005764.875, 116.0
Trd, 005765.075, 121
Trd, 005765.212, 116
Trd, 005765.825, 118
Trd, 005765.875, 116
Trd, 005765.900, 132.0
Trd, 005766.212, 114
Trd, 005768.237, 108
Trd, 005771.325, 95
Trd, 005773.812, 105
Trd, 005776.687, 93.0
Trd, 005777.762, 111
Trd, 005785.337, 92
Trd, 005787.100, 103
Trd, 005794.150, 142.0
Trd, 005794.237, 108.0
Trd, 005794.287, 116.0
Trd, 005794.387, 144.0
Trd, 005794.612, 83
Trd, 005795.075, 108.0
Trd, 005796.200, 110
Trd, 005796.412, 114
Trd, 005797.225, 105
Trd, 005801.462, 113
Trd, 005804.112, 116
Trd, 005810.275, 112
Trd, 005816.737, 95
Trd, 005817.312, 93.0
Trd, 005822.125, 100
Trd, 005824.337, 104
Trd, 005824.412, 96.0
Trd, 005824.450, 70
Trd, 005824.462, 108.0
Trd, 005824.637, 98
Trd, 005825.212, 98.0
Trd, 005825.812, 96
Trd, 005826.562, 108.0
Trd, 005827.212, 106
Trd, 005828.525, 104
Trd, 005832.887, 111.0
Trd, 005834.262, 95
Trd, 005838.100, 108
Trd, 005848.600, 107
Trd, 005853.787, 117
Trd, 005854.200, 111
Trd, 005854.362, 139.0
Trd, 005854.437, 111.0
Trd, 005854.875, 89
Trd, 005855.037, 106
Trd, 005855.125, 108.0
Trd, 005855.400, 102
Trd, 005855.587, 100
Trd, 005855.825, 119
Trd, 005856.387, 110
Trd, 005856.587, 115
Trd, 005858.925, 115
Trd, 005860.175, 108
Trd, 005864.325, 108
Trd, 005866.712, 95
Trd, 005876.862, 103
Trd, 005883.025, 111
Trd, 005884.700, 93.0
Trd, 005884.775, 96.0
Trd, 005884.800, 98.0
Trd, 005884.812, 105
Trd, 005884.962, 116.0
Trd, 005885.012, 85
Trd, 005885.087, 119
Trd, 005885.150, 126
Trd, 005885.525, 97
Trd, 005886.487, 110
Trd, 005889.700, 108.0
Trd, 005899.175, 108
Trd, 005899.950, 111.0
Trd, 005900.900, 99
Trd, 005906.225, 108
Trd, 005914.400, 142.0
Trd, 005914.525, 139.0
Trd, 005914.975, 108
Trd, 005915.550, 96.0
Trd, 005915.600, 104
Trd, 005916.012, 110
Trd, 005916.600, 95
Trd, 005916.687, 109
Trd, 005916.725, 116
Trd, 005916.962, 118
Trd, 005917.625, 111.0
Trd, 005918.150, 108.0
Trd, 005919.350, 107
Trd, 005925.512, 107
Trd, 005932.862, 97
Trd, 005944.200, 102
Trd, 005944.275, 142.0
Trd, 005944.312, 150.0
Trd, 005944.500, 116.0
Trd, 005944.550, 110
Trd, 005944.912, 81
Trd, 005945.112, 108.0
Trd, 005945.212, 121
Trd, 005945.350, 101
Trd, 005946.350, 113
Trd, 005946.850, 112
Trd, 005947.462, 120
Trd, 005950.362, 114
Trd, 005952.675, 95
Trd, 005953.650, 112
Trd, 005954.900, 101
Trd, 005974.512, 124
Trd, 005974.562, 116.0
Trd, 005974.662, 111
Trd, 005974.725, 108.0
Trd, 005975.025, 108.0
Trd, 005975.112, 110
Trd, 005975.262, 111.0
Trd, 005975.612, 122
Trd, 005976.600, 107
Trd, 005977.262, 105
Trd, 005983.837, 112
Trd, 005983.862, 114
Trd, 005985.887, 94
Trd, 005991.275, 93.0
Trd, 005992.487, 99
Trd, 005995.837, 93
Trd, 006003.987, 87
Trd, 006004.612, 132.0
Trd, 006004.662, 123
Trd, 006005.012, 116.0
Trd, 006005.375, 114
Trd, 006005.437, 113
Trd, 006005.475, 114
Trd, 006005.500, 108
Trd, 006005.912, 108.0
Trd, 006006.612, 106
Trd, 006006.937, 105
Trd, 006007.175, 95
Trd, 006008.237, 93.0
Trd, 006008.850, 92
Trd, 006009.150, 108.0
Trd, 006012.512, 96
Trd, 006013.350, 111.0
Trd, 006034.500, 120
Trd, 006034.850, 139.0
Trd, 006034.875, 122
Trd, 006034.887, 117
Trd, 006035.012, 116.0
Trd, 006035.325, 120
Trd, 006035.475, 108
Trd, 006035.762, 108.0
Trd, 006036.100, 125
Trd, 006036.400, 126
Trd, 006036.787, 98
Trd, 006037.950, 115
Trd, 006038.662, 102
Trd, 006045.800, 103
Trd, 006045.837, 94
Trd, 006051.112, 93.0
Trd, 006064.550, 114
Trd, 006064.637, 111
Trd, 006064.650, 116
Trd, 006064.837, 144.0
Trd, 006064.900, 108.0
Trd, 006064.937, 115
Trd, 006065.437, 114
Trd, 006066.037, 101
Trd, 006066.475, 124
Trd, 006066.975, 116.0
Trd, 006068.125, 98.0
Trd, 006069.812, 97
Trd, 006072.775, 95
Trd, 006073.075, 108.0
Trd, 006076.487, 111.0
Trd, 006094.562, 134
Trd, 006094.675, 115
Trd, 006094.800, 142.0
Trd, 006094.887, 121
Trd, 006094.975, 115
Trd, 006095.087, 111
Trd, 006095.362, 120
Trd, 006095.737, 108.0
Trd, 006095.937, 104
Trd, 006098.112, 108.0
Trd, 006099.550, 111.0
Trd, 006106.425, 117
Trd, 006107.962, 94
Trd, 006109.825, 102
Trd, 006111.587, 99
Trd, 006124.450, 116.0
Trd, 006124.475, 87
Trd, 006124.937, 111.0
Trd, 006124.950, 144
Trd, 006125.387, 139.0
Trd, 006125.525, 129
Trd, 006125.675, 125
Trd, 006126.300, 108.0
Trd, 006128.775, 115
Trd, 006128.825, 118
Trd, 006132.800, 108.0
Trd, 006141.250, 103
Trd, 006142.162, 99
Trd, 006142.650, 109
Trd, 006142.925, 95
Trd, 006146.075, 97
Trd, 006154.487, 144.0
Trd, 006154.750, 108.0
Trd, 006155.262, 98.0
Trd, 006155.312, 111.0
Trd, 006155.725, 98
Trd, 006155.737, 95
Trd, 006156.200, 96.0
Trd, 006156.637, 105
Trd, 006157.862, 100
Trd, 006160.012, 101
Trd, 006160.837, 93.0
Trd, 006160.950, 117
Trd, 006164.587, 102
Trd, 006178.862, 97
Trd, 006181.987, 90
Trd, 006184.662, 111
Trd, 006185.050, 116.0
Trd, 006185.225, 108.0
Trd, 006185.337, 111.0
Trd, 006185.450, 95
Trd, 006185.675, 104
Trd, 006185.875, 110
Trd, 006186.450, 118
Trd, 006186.587, 114
Trd, 006187.437, 124
Trd, 006188.012, 113
Trd, 006189.962, 108
Trd, 006190.937, 94
Trd, 006197.637, 93.0
Trd, 006212.812, 117
Trd, 006214.437, 93
Trd, 006214.562, 98.0
Trd, 006214.600, 90
Trd, 006214.787, 108.0
Trd, 006214.937, 115
Trd, 006215.087, 109
Trd, 006215.162, 116
Trd, 006215.362, 96.0
Trd, 006215.562, 103
Trd, 006215.575, 94
Trd, 006216.162, 126
Trd, 006217.862, 116.0
Trd, 006223.675, 115
Trd, 006225.562, 99
Trd, 006231.137, 93.0
Trd, 006232.162, 91
Trd, 006239.325, 103
Trd, 006244.575, 108.0
Trd, 006244.625, 107
Trd, 006244.650, 108.0
Trd, 006244.762, 144.0
Trd, 006244.887, 139.0
Trd, 006245.212, 96.0
Trd, 006245.662, 116.0
Trd, 006246.312, 116
Trd, 006246.800, 106
Trd, 006248.125, 106
Trd, 006255.275, 117
Trd, 006258.712, 115
Trd, 006259.712, 94
Trd, 006263.812, 93.0
Trd, 006274.625, 142.0
Trd, 006274.737, 116.0
Trd, 006274.762, 114
Trd, 006275.350, 117
Trd, 006275.362, 108.0
Trd, 006275.437, 100
Trd, 006275.462, 117
Trd, 006276.087, 99
Trd, 006276.875, 107
Trd, 006277.175, 95
Trd, 006277.450, 108.0
Trd, 006277.725, 124
Trd, 006280.800, 93.0
Trd, 006283.437, 86
Trd, 006287.712, 84
Trd, 006292.912, 86
Trd, 006296.225, 94
Trd, 006304.662, 142.0
Trd, 006304.775, 116.0
Trd, 006304.787, 132.0
Trd, 006304.887, 84
Trd, 006305.475, 96.0
Trd, 006305.737, 89
Trd, 006306.062, 111.0
Trd, 006307.100, 98.0
Trd, 006307.587, 104
Trd, 006309.137, 113
Trd, 006309.912, 107
Trd, 006311.437, 109
Trd, 006312.100, 108
Trd, 006316.962, 119
Trd, 006327.512, 114
Trd, 006334.800, 142.0
Trd, 006335.000, 127
Trd, 006335.300, 128
Trd, 006335.875, 128
Trd, 006336.100, 119
Trd, 006336.212, 116.0
Trd, 006336.300, 108.0
Trd, 006336.575, 100
Trd, 006337.087, 111.0
Trd, 006337.562, 110
Trd, 006337.875, 114
Trd, 006338.887, 111
Trd, 006339.437, 108
Trd, 006355.787, 98
Trd, 006360.487, 95
Trd, 006364.637, 115
Trd, 006364.662, 62.0
Trd, 006364.712, 142.0
Trd, 006364.850, 98.0
Trd, 006364.987, 108.0
Trd, 006365.175, 108
Trd, 006365.462, 132.0
Trd, 006367.075, 106
Trd, 006367.550, 124
Trd, 006368.650, 108.0
Trd, 006368.750, 107
Trd, 006372.962, 95
Trd, 006376.987, 105
Trd, 006386.087, 123
Trd, 006394.662, 115
Trd, 006394.725, 139.0
Trd, 006394.812, 94
Trd, 006394.837, 142.0
Trd, 006394.950, 116.0
Trd, 006395.112, 98.0
Trd, 006395.162, 150.0
Trd, 006395.312, 108.0
Trd, 006395.412, 106
Trd, 006396.800, 96.0
Trd, 006397.050, 120
Trd, 006400.762, 111.0
Trd, 006401.875, 125
Trd, 006404.587, 109
Trd, 006410.937, 100
Trd, 006421.762, 95
Trd, 006424.837, 106
Trd, 006424.937, 98.0
Trd, 006424.987, 111.0
Trd, 006425.075, 97
Trd, 006425.212, 96
Trd, 006425.275, 108.0
Trd, 006425.287, 119
Trd, 006425.450, 108.0
Trd, 006425.975, 119
Trd, 006426.712, 112
Trd, 006428.362, 116
Trd, 006433.012, 125
Trd, 006441.062, 110
Trd, 006454.887, 112
Trd, 006455.150, 132.0
Trd, 006455.212, 143
Trd, 006455.500, 142.0
Trd, 006455.550, 118
Trd, 006455.800, 116.0
Trd, 006455.825, 111
Trd, 006455.887, 108.0
Trd, 006456.075, 94
Trd, 006456.762, 106
Trd, 006456.837, 147.0
Trd, 006458.937, 93.0
Trd, 006460.812, 114
Trd, 006467.912, 109
Trd, 006474.487, 106
Trd, 006478.900, 97
Trd, 006484.900, 142.0
Trd, 006484.950, 108.0
Trd, 006485.100, 111
Trd, 006485.212, 132
Trd, 006485.237, 91
Trd, 006485.375, 108.0
Trd, 006485.600, 139.0
Trd, 006486.100, 121
Trd, 006486.112, 117
Trd, 006488.175, 119
Trd, 006492.737, 118
Trd, 006494.725, 96
Trd, 006494.987, 95
Trd, 006497.425, 114
Trd, 006499.712, 93.0
Trd, 006499.950, 87
Trd, 006506.587, 99
Trd, 006514.775, 150.0
Trd, 006514.875, 108
Trd, 006514.912, 93.0
Trd, 006514.975, 113
Trd, 006515.287, 88
Trd, 006515.587, 98.0
Trd, 006516.562, 108.0
Trd, 006516.862, 111.0
Trd, 006517.412, 116.0
Trd, 006518.525, 116
Trd, 006518.562, 105
Trd, 006518.625, 93
Trd, 006519.187, 108
Trd, 006522.087, 109
Trd, 006529.437, 104
Trd, 006531.700, 94
Trd, 006534.225, 87
Trd, 006544.825, 62.0
Trd, 006544.937, 75.0
Trd, 006545.425, 139.0
Trd, 006545.462, 142.0
Trd, 006545.925, 142.0
Trd, 006546.862, 130
Trd, 006546.937, 116.0
Trd, 006547.325, 149
Trd, 006548.112, 108.0
Trd, 006551.575, 121
Trd, 006552.537, 103
Trd, 006556.525, 94
Trd, 006559.537, 93.0
Trd, 006560.537, 106
Trd, 006562.587, 114
Trd, 006574.987, 96.0
Trd, 006575.237, 104
Trd, 006575.462, 105
Trd, 006575.537, 108.0
Trd, 006575.725, 108.0
Trd, 006575.787, 94
Trd, 006576.062, 93.0
Trd, 006576.100, 111.0
Trd, 006576.375, 116
Trd, 006576.787, 90
Trd, 006577.100, 120
Trd, 006577.150, 126
Trd, 006579.625, 98.0
Trd, 006581.450, 103
Trd, 006582.837, 87
Trd, 006586.775, 84
Trd, 006605.037, 111
Trd, 006605.150, 104
Trd, 006605.187, 102
Trd, 006605.225, 96.0
Trd, 006605.287, 87
Trd, 006605.450, 136
Trd, 006605.525, 98.0
Trd, 006605.875, 104
Trd, 006606.362, 108.0
Trd, 006606.387, 108
Trd, 006606.625, 111.0
Trd, 006606.725, 118
Trd, 006614.962, 94
Trd, 006618.025, 95
Trd, 006622.450, 118
Trd, 006622.862, 101
Trd, 006635.025, 116
Trd, 006635.037, 87
Trd, 006635.275, 111.0
Trd, 006635.312, 119
Trd, 006635.325, 100
Trd, 006635.587, 124
Trd, 006635.987, 139.0
Trd, 006636.425, 122
Trd, 006636.462, 119
Trd, 006636.687, 119
Trd, 006637.612, 116.0
Trd, 006638.825, 118
Trd, 006641.625, 108.0
Trd, 006647.037, 95
Trd, 006658.212, 111
Trd, 006665.012, 115
Trd, 006665.200, 124
Trd, 006665.300, 116.0
Trd, 006665.337, 107
Trd, 006665.487, 96.0
Trd, 006665.612, 98.0
Trd, 006665.787, 118
Trd, 006665.812, 119
Trd, 006666.500, 106
Trd, 006667.500, 108.0
Trd, 006667.537, 109
Trd, 006669.687, 107
Trd, 006680.725, 99
Trd, 006683.537, 95
Trd, 006684.287, 93.0
Trd, 006685.812, 87
Trd, 006688.762, 111.0
Trd, 006694.925, 150.0
Trd, 006695.437, 108.0
Trd, 006695.512, 88
Trd, 006695.737, 110
Trd, 006696.000, 113
Trd, 006696.662, 97
Trd, 006696.825, 107
Trd, 006698.050, 108.0
Trd, 006698.487, 100
Trd, 006700.687, 111.0
Trd, 006703.300, 117
Trd, 006704.425, 101
Trd, 006710.662, 96
Trd, 006713.737, 95
Trd, 006724.937, 111
Trd, 006725.325, 109
Trd, 006725.350, 110
Trd, 006725.425, 108.0
Trd, 006725.612, 111.0
Trd, 006725.850, 98.0
Trd, 006726.125, 101
Trd, 006726.562, 116.0
Trd, 006726.787, 113
Trd, 006727.275, 112
Trd, 006728.937, 111
Trd, 006729.075, 125
Trd, 006730.300, 96
Trd, 006733.212, 98
Trd, 006755.237, 109
Trd, 006755.350, 108.0
Trd, 006755.537, 108.0
Trd, 006755.562, 111.0
Trd, 006755.675, 132.0
Trd, 006755.750, 142.0
Trd, 006755.787, 95
Trd, 006755.887, 87
Trd, 006755.962, 81
Trd, 006756.025, 117
Trd, 006758.275, 116.0
Trd, 006758.575, 116
Trd, 006759.512, 119
Trd, 006761.662, 116
Trd, 006776.900, 111
Trd, 006781.062, 95
Trd, 006785.025, 108.0
Trd, 006785.125, 93.0
Trd, 006785.300, 108.0
Trd, 006785.312, 102
Trd, 006785.537, 119
Trd, 006786.050, 106
Trd, 006786.137, 107
Trd, 006786.275, 107
Trd, 006786.662, 125
Trd, 006787.125, 139
Trd, 006787.137, 142.0
Trd, 006788.825, 103
Trd, 006791.137, 95
Trd, 006791.262, 98.0
Trd, 006791.862, 94
Trd, 006802.312, 111.0
Trd, 006804.662, 100
Trd, 006815.312, 139.0
Trd, 006815.400, 108.0
Trd, 006815.575, 131
Trd, 006815.600, 132.0
Trd, 006815.612, 103
Trd, 006815.912, 129
Trd, 006816.212, 116.0
Trd, 006816.850, 116
Trd, 006817.162, 116
Trd, 006818.612, 111
Trd, 006820.237, 96
Trd, 006821.975, 95
Trd, 006823.237, 104
Trd, 006823.937, 103
Trd, 006839.425, 105
Trd, 006842.900, 93.0
Trd, 006845.025, 142.0
Trd, 006845.212, 86
Trd, 006845.312, 98.0
Trd, 006845.387, 80
Trd, 006845.700, 96.0
Trd, 006845.887, 101
Trd, 006847.462, 106
Trd, 006847.887, 108.0
Trd, 006848.250, 111.0
Trd, 006850.287, 116
Trd, 006850.712, 93.0
Trd, 006855.137, 112
Trd, 006855.725, 111
Trd, 006859.825, 110
Trd, 006863.425, 105
Trd, 006864.812, 98
Trd, 006866.962, 103
Trd, 006873.362, 118
Trd, 006875.087, 144.0
Trd, 006875.100, 107
Trd, 006875.250, 139.0
Trd, 006875.450, 98
Trd, 006875.725, 108.0
Trd, 006875.850, 141
Trd, 006876.137, 120
Trd, 006876.212, 116.0
Trd, 006876.275, 142.0
Trd, 006876.325, 102
Trd, 006879.912, 111.0
Trd, 006879.937, 95
Trd, 006890.837, 96
Trd, 006893.987, 116
Trd, 006905.237, 113
Trd, 006905.375, 108.0
Trd, 006905.412, 109
Trd, 006905.500, 117
Trd, 006905.537, 96
Trd, 006905.725, 108
Trd, 006905.750, 111.0
Trd, 006905.900, 116.0
Trd, 006906.562, 102
Trd, 006906.775, 99
Trd, 006906.862, 95
Trd, 006907.512, 112
Trd, 006907.625, 127
Trd, 006909.500, 111
Trd, 006911.025, 93.0
Trd, 006917.437, 91
Trd, 006935.225, 103
Trd, 006935.575, 111.0
Trd, 006935.662, 116.0
Trd, 006936.050, 114
Trd, 006936.337, 98.0
Trd, 006936.350, 132.0
Trd, 006936.550, 107
Trd, 006937.712, 108.0
Trd, 006938.400, 135
Trd, 006940.200, 108
Trd, 006943.700, 116
Trd, 006947.337, 101
Trd, 006951.987, 95
Trd, 006953.850, 93.0
Trd, 006959.400, 95
Trd, 006960.012, 116
Trd, 006963.650, 90
Trd, 006965.175, 108.0
Trd, 006965.262, 111.0
Trd, 006965.487, 101
Trd, 006965.587, 93.0
Trd, 006965.687, 107
Trd, 006965.825, 116
Trd, 006966.412, 109
Trd, 006966.875, 106
Trd, 006968.287, 125
Trd, 006969.262, 108.0
Trd, 006969.737, 105
Trd, 006970.512, 116
Trd, 006971.150, 115
Trd, 006972.087, 114
Trd, 006978.825, 97
Trd, 006983.875, 95
Trd, 006995.275, 99
Trd, 006995.375, 81
Trd, 006995.412, 80
Trd, 006995.600, 116.0
Trd, 006995.650, 132.0
Trd, 006995.837, 143
Trd, 006996.312, 117
Trd, 006996.662, 108.0
Trd, 006997.100, 101
Trd, 006997.687, 100
Trd, 007003.225, 108.0
Trd, 007004.100, 111.0
Trd, 007004.612, 107
Trd, 007005.500, 112
Trd, 007016.987, 98
Trd, 007025.275, 139.0
Trd, 007025.337, 107
Trd, 007025.375, 108.0
Trd, 007025.462, 96.0
Trd, 007025.500, 87
Trd, 007025.612, 111
Trd, 007025.787, 120
Trd, 007026.037, 132.0
Trd, 007026.812, 123
Trd, 007027.287, 127
Trd, 007027.550, 110
Trd, 007028.675, 108.0
Trd, 007031.575, 93
Trd, 007035.225, 103
Trd, 007047.500, 100
Trd, 007055.362, 139.0
Trd, 007055.462, 142.0
Trd, 007055.500, 93.0
Trd, 007055.675, 116.0
Trd, 007055.900, 124
Trd, 007056.087, 132.0
Trd, 007056.325, 120
Trd, 007056.575, 120
Trd, 007056.987, 118
Trd, 007057.350, 113
Trd, 007064.100, 108
Trd, 007067.912, 119
Trd, 007068.187, 108.0
Trd, 007068.537, 108
Trd, 007076.337, 124
Trd, 007085.237, 114
Trd, 007085.400, 144.0
Trd, 007085.562, 142.0
Trd, 007085.825, 131
Trd, 007085.912, 121
Trd, 007085.925, 150.0
Trd, 007086.037, 116.0
Trd, 007086.112, 112
Trd, 007086.250, 108.0
Trd, 007086.262, 100
Trd, 007087.550, 97
Trd, 007091.200, 95
Trd, 007105.175, 106
Trd, 007110.437, 100
Trd, 007110.912, 107
Trd, 007112.125, 116
Trd, 007115.337, 116.0
Trd, 007115.525, 105
Trd, 007115.600, 108.0
Trd, 007115.675, 111
Trd, 007115.887, 111.0
Trd, 007115.900, 105
Trd, 007116.562, 110
Trd, 007117.162, 108.0
Trd, 007117.637, 104
Trd, 007121.475, 117
Trd, 007126.950, 124
Trd, 007127.175, 95
Trd, 007132.112, 111
Trd, 007135.150, 101
Trd, 007136.187, 111
Trd, 007140.250, 93.0
Trd, 007145.325, 142.0
Trd, 007145.437, 137
Trd, 007145.575, 139
Trd, 007145.837, 98.0
Trd, 007146.262, 99
Trd, 007146.275, 96
Trd, 007147.450, 100
Trd, 007147.762, 108.0
Trd, 007148.050, 104
Trd, 007148.587, 107
Trd, 007149.112, 106
Trd, 007150.487, 101
Trd, 007150.662, 111.0
Trd, 007156.187, 95
Trd, 007157.337, 116
Trd, 007158.150, 110
Trd, 007175.350, 144.0
Trd, 007175.400, 116.0
Trd, 007175.662, 96.0
Trd, 007175.712, 95
Trd, 007176.000, 98.0
Trd, 007176.237, 103
Trd, 007176.650, 108.0
Trd, 007177.000, 109
Trd, 007179.325, 105
Trd, 007179.487, 111.0
Trd, 007180.275, 106
Trd, 007181.075, 116
Trd, 007183.450, 105
Trd, 007187.175, 93.0
Trd, 007187.862, 87
Trd, 007194.787, 101
Trd, 007201.200, 97
Trd, 007205.337, 75.0
Trd, 007205.412, 116.0
Trd, 007205.662, 108.0
Trd, 007205.937, 108.0
Trd, 007206.362, 142.0
Trd, 007206.462, 129
Trd, 007207.400, 128
Trd, 007208.025, 118
Trd, 007208.700, 124
Trd, 007210.100, 108
Trd, 007213.062, 116
Trd, 007214.187, 100
Trd, 007224.700, 95
Trd, 007235.675, 108.0
Trd, 007235.812, 108.0
Trd, 007236.062, 107
Trd, 007236.725, 108
Trd, 007236.837, 111.0
Trd, 007236.850, 114
Trd, 007236.887, 107
Trd, 007237.262, 117
Trd, 007237.312, 113
Trd, 007237.362, 124
Trd, 007237.862, 104
Trd, 007242.850, 111
Trd, 007247.362, 116
Trd, 007248.675, 112
Trd, 007250.987, 94
Trd, 007259.775, 105
Trd, 007265.587, 150.0
Trd, 007265.762, 117
Trd, 007265.912, 108.0
Trd, 007266.512, 116
Trd, 007266.562, 115
Trd, 007266.612, 100
Trd, 007266.900, 136
Trd, 007266.962, 111
Trd, 007267.037, 117
Trd, 007267.537, 116.0
Trd, 007267.712, 108.0
Trd, 007268.962, 113
Trd, 007275.487, 98.0
Trd, 007275.925, 108
Trd, 007280.312, 95
Trd, 007282.900, 93.0
Trd, 007290.837, 97
Trd, 007295.512, 139.0
Trd, 007295.612, 108.0
Trd, 007295.800, 116.0
Trd, 007295.862, 110
Trd, 007296.900, 111.0
Trd, 007297.237, 107
Trd, 007297.837, 113
Trd, 007297.975, 112
Trd, 007298.450, 116
Trd, 007298.625, 110
Trd, 007299.612, 104
Trd, 007308.762, 107
Trd, 007309.362, 113
Trd, 007315.912, 105
Trd, 007325.625, 97
Trd, 007325.650, 98.0
Trd, 007325.800, 99
Trd, 007326.275, 96
Trd, 007326.437, 99
Trd, 007326.675, 99
Trd, 007326.725, 108
Trd, 007326.800, 108.0
Trd, 007326.862, 111.0
Trd, 007326.912, 108.0
Trd, 007328.712, 96.0
Trd, 007328.800, 95
Trd, 007329.150, 93
Trd, 007329.562, 116
Trd, 007344.200, 122
Trd, 007348.312, 93.0
Trd, 007349.987, 87
Trd, 007355.512, 108
Trd, 007355.562, 142.0
Trd, 007355.612, 107
Trd, 007355.625, 132.0
Trd, 007355.975, 93.0
Trd, 007356.087, 108.0
Trd, 007356.275, 114
Trd, 007356.350, 116
Trd, 007356.562, 111.0
Trd, 007357.762, 96.0
Trd, 007358.350, 108
Trd, 007359.625, 101
Trd, 007371.162, 100
Trd, 007374.187, 100
Trd, 007376.362, 100
Trd, 007385.612, 100
Trd, 007385.812, 98.0
Trd, 007385.925, 100
Trd, 007386.000, 95
Trd, 007386.037, 105
Trd, 007386.300, 98
Trd, 007386.325, 108
Trd, 007386.450, 111.0
Trd, 007387.212, 108.0
Trd, 007390.112, 116
Trd, 007392.437, 110
Trd, 007392.625, 109
Trd, 007393.787, 108
Trd, 007402.275, 116
Trd, 007413.100, 93.0
Trd, 007415.537, 142.0
Trd, 007415.675, 84
Trd, 007415.875, 144.0
Trd, 007415.937, 108.0
Trd, 007416.050, 100
Trd, 007416.350, 99
Trd, 007417.225, 105
Trd, 007417.537, 108.0
Trd, 007417.600, 109
Trd, 007417.775, 111.0
Trd, 007418.862, 112
Trd, 007419.862, 108
Trd, 007420.950, 117
Trd, 007422.662, 109
Trd, 007436.237, 95
Trd, 007445.562, 144.0
Trd, 007445.637, 142.0
Trd, 007446.012, 93.0
Trd, 007446.287, 92
Trd, 007446.350, 96.0
Trd, 007446.412, 98.0
Trd, 007446.487, 111.0
Trd, 007446.962, 109
Trd, 007447.100, 117
Trd, 007447.200, 105
Trd, 007447.662, 124
Trd, 007448.137, 102
Trd, 007452.662, 111
Trd, 007455.912, 101
Trd, 007456.087, 95
Trd, 007475.637, 95
Trd, 007475.650, 111.0
Trd, 007475.775, 96.0
Trd, 007476.087, 112
Trd, 007476.312, 116.0
Trd, 007476.575, 118
Trd, 007476.775, 108.0
Trd, 007476.962, 119
Trd, 007477.200, 105
Trd, 007477.962, 114
Trd, 007484.100, 118
Trd, 007484.925, 117
Trd, 007486.200, 119
Trd, 007487.912, 124
Trd, 007488.150, 97
Trd, 007488.400, 93.0
Trd, 007492.525, 87
Trd, 007498.762, 98
Trd, 007505.712, 142.0
Trd, 007505.850, 80.0
Trd, 007506.037, 108.0
Trd, 007506.137, 108.0
Trd, 007506.250, 116.0
Trd, 007506.537, 99
Trd, 007506.837, 106
Trd, 007507.025, 111.0
Trd, 007507.075, 126
Trd, 007508.725, 114
Trd, 007512.050, 116
Trd, 007513.212, 111
Trd, 007513.800, 109
Trd, 007518.525, 111
Trd, 007527.325, 98
Trd, 007535.675, 144.0
Trd, 007535.725, 80
Trd, 007535.812, 93.0
Trd, 007536.062, 108
Trd, 007536.075, 110
Trd, 007536.300, 107
Trd, 007536.362, 125
Trd, 007536.450, 132.0
Trd, 007537.587, 108.0
Trd, 007538.350, 106
Trd, 007539.687, 102
Trd, 007541.362, 110
Trd, 007542.150, 95
Trd, 007545.250, 111.0
Trd, 007554.900, 90
Trd, 007557.212, 104
Trd, 007565.700, 96.0
Trd, 007565.975, 100
Trd, 007566.037, 111.0
Trd, 007566.062, 116
Trd, 007566.212, 93.0
Trd, 007566.550, 108.0
Trd, 007566.575, 98
Trd, 007567.262, 130
Trd, 007567.362, 132.0
Trd, 007568.350, 108.0
Trd, 007569.537, 113
Trd, 007581.487, 117
Trd, 007581.887, 111
Trd, 007581.962, 93
Trd, 007591.562, 127
Trd, 007595.762, 123
Trd, 007595.900, 108.0
Trd, 007595.912, 123
Trd, 007596.037, 112
Trd, 007596.125, 114
Trd, 007596.225, 98.0
Trd, 007596.650, 95
Trd, 007596.937, 108.0
Trd, 007597.325, 128
Trd, 007597.387, 132.0
Trd, 007597.962, 127
Trd, 007598.087, 116.0
Trd, 007600.337, 103
Trd, 007609.750, 93.0
Trd, 007611.187, 104
Trd, 007611.712, 97
Trd, 007620.875, 111
Trd, 007625.700, 96.0
Trd, 007625.875, 98.0
Trd, 007626.337, 100
Trd, 007626.437, 107
Trd, 007626.500, 111.0
Trd, 007626.562, 130
Trd, 007626.612, 138
Trd, 007626.825, 103
Trd, 007627.537, 108.0
Trd, 007628.900, 108.0
Trd, 007629.637, 106
Trd, 007631.300, 111
Trd, 007642.800, 109
Trd, 007655.587, 99
Trd, 007655.850, 135
Trd, 007656.012, 108.0
Trd, 007656.125, 105
Trd, 007656.237, 111.0
Trd, 007656.350, 100
Trd, 007656.425, 123
Trd, 007656.450, 131
Trd, 007656.800, 103
Trd, 007657.087, 121
Trd, 007657.250, 103
Trd, 007659.262, 116
Trd, 007671.125, 107
Trd, 007676.300, 117
Trd, 007682.212, 95
Trd, 007684.800, 114
Trd, 007685.800, 113
Trd, 007686.100, 98.0
Trd, 007686.487, 107
Trd, 007686.737, 93.0
Trd, 007686.775, 88
Trd, 007687.012, 96.0
Trd, 007687.187, 104
Trd, 007687.325, 108
Trd, 007687.512, 95
Trd, 007688.062, 111.0
Trd, 007688.137, 120
Trd, 007690.162, 125
Trd, 007690.700, 108.0
Trd, 007691.025, 109
Trd, 007695.687, 100
Trd, 007698.012, 121
Trd, 007715.837, 75.0
Trd, 007716.050, 98.0
Trd, 007716.075, 132.0
Trd, 007716.175, 103
Trd, 007716.675, 108.0
Trd, 007716.862, 103
Trd, 007717.025, 111.0
Trd, 007717.650, 101
Trd, 007718.212, 109
Trd, 007719.150, 108.0
Trd, 007719.237, 105
Trd, 007721.312, 104
Trd, 007728.025, 118
Trd, 007732.525, 114
Trd, 007740.250, 93.0
Trd, 007742.387, 110
Trd, 007746.062, 116.0
Trd, 007746.337, 109
Trd, 007746.425, 94
Trd, 007746.600, 103
Trd, 007746.675, 111.0
Trd, 007747.000, 119
Trd, 007747.087, 124
Trd, 007747.250, 109
Trd, 007747.325, 130
Trd, 007747.350, 108.0
Trd, 007749.400, 110
Trd, 007753.500, 102
Trd, 007755.850, 105
Trd, 007760.150, 103
Trd, 007772.800, 93.0
Trd, 007776.037, 102
Trd, 007776.112, 108.0
Trd, 007776.125, 103
Trd, 007776.275, 98.0
Trd, 007776.587, 100
Trd, 007776.712, 99
Trd, 007777.375, 109
Trd, 007777.475, 111.0
Trd, 007777.487, 108.0
Trd, 007777.512, 94
Trd, 007778.800, 103
Trd, 007779.800, 118
Trd, 007790.287, 111
Trd, 007800.087, 93.0
Trd, 007805.937, 150.0
Trd, 007806.012, 144.0
Trd, 007806.100, 107
Trd, 007806.225, 111.0
Trd, 007806.312, 102
Trd, 007806.862, 95
Trd, 007807.100, 108.0
Trd, 007807.387, 129
Trd, 007807.475, 109
Trd, 007807.887, 110
Trd, 007808.200, 121
Trd, 007810.475, 118
Trd, 007822.150, 116
Trd, 007824.225, 93.0
Trd, 007826.912, 101
Trd, 007832.837, 99
Trd, 007835.925, 62.0
Trd, 007836.100, 98.0
Trd, 007836.450, 95
Trd, 007836.950, 97
Trd, 007837.025, 132.0
Trd, 007837.350, 109
Trd, 007837.387, 111.0
Trd, 007837.537, 108.0
Trd, 007838.650, 108.0
Trd, 007840.187, 109
Trd, 007841.187, 118
Trd, 007846.662, 95
Trd, 007847.700, 98
Trd, 007848.600, 93.0
Trd, 007863.525, 87
Trd, 007865.937, 103
Trd, 007865.987, 96.0
Trd, 007866.025, 106
Trd, 007866.125, 144.0
Trd, 007866.425, 123
Trd, 007866.437, 126
Trd, 007866.587, 132.0
Trd, 007866.662, 116.0
Trd, 007866.737, 108.0
Trd, 007866.937, 93.0
Trd, 007870.287, 116
Trd, 007872.900, 112
Trd, 007873.487, 104
Trd, 007879.862, 102
Trd, 007880.737, 115
Trd, 007887.300, 95
Trd, 007893.012, 90
Trd, 007895.912, 119
Trd, 007896.087, 144.0
Trd, 007896.137, 108.0
Trd, 007897.175, 98.0
Trd, 007897.250, 97
Trd, 007897.387, 108.0
Trd, 007898.100, 96.0
Trd, 007898.937, 104
Trd, 007899.012, 97
Trd, 007902.562, 101
Trd, 007903.287, 111.0
Trd, 007909.187, 110
Trd, 007910.550, 114
Trd, 007916.187, 95
Trd, 007920.150, 93.0
Trd, 007922.137, 103
Trd, 007924.550, 99
Trd, 007926.100, 87
Trd, 007926.275, 109
Trd, 007926.350, 114
Trd, 007926.525, 117
Trd, 007926.637, 117
Trd, 007926.712, 139.0
Trd, 007927.012, 127
Trd, 007927.250, 93.0
Trd, 007927.812, 111.0
Trd, 007927.850, 120
Trd, 007927.887, 125
Trd, 007928.825, 114
Trd, 007928.912, 109
Trd, 007931.850, 108.0
Trd, 007932.475, 95
Trd, 007939.325, 104
Trd, 007946.875, 99
Trd, 007956.025, 94
Trd, 007956.100, 98.0
Trd, 007956.150, 111.0
Trd, 007956.725, 111
Trd, 007957.050, 113
Trd, 007957.425, 112
Trd, 007957.850, 118
Trd, 007958.712, 124
Trd, 007960.712, 114
Trd, 007960.812, 108.0
Trd, 007961.062, 114
Trd, 007963.600, 125
Trd, 007969.950, 125
Trd, 007979.775, 93.0
Trd, 007981.312, 98
Trd, 007986.375, 139.0
Trd, 007986.662, 130
Trd, 007986.712, 116.0
Trd, 007986.950, 142
Trd, 007987.012, 123
Trd, 007987.025, 109
Trd, 007987.225, 108.0
Trd, 007988.600, 108.0
Trd, 007993.462, 107
Trd, 007994.587, 105
Trd, 007995.375, 111.0
Trd, 007996.300, 112
Trd, 007996.912, 118
Trd, 008009.012, 115
Trd, 008012.737, 95
Trd, 008015.637, 93.0
Trd, 008016.025, 131
Trd, 008016.150, 98
Trd, 008016.662, 121
Trd, 008016.687, 132.0
Trd, 008016.812, 116.0
Trd, 008016.862, 109
Trd, 008016.987, 147.0
Trd, 008017.125, 108.0
Trd, 008018.162, 110
Trd, 008018.412, 93
Trd, 008022.100, 105
Trd, 008022.300, 111.0
Trd, 008023.012, 111
Trd, 008026.650, 112
Trd, 008029.087, 94
Trd, 008036.525, 93.0
Trd, 008043.425, 101
Trd, 008046.050, 150.0
Trd, 008046.125, 98.0
Trd, 008046.250, 111.0
Trd, 008046.475, 112
Trd, 008046.750, 115
Trd, 008046.800, 108.0
Trd, 008047.587, 112
Trd, 008047.750, 132.0
Trd, 008050.150, 116.0
Trd, 008050.337, 107
Trd, 008053.225, 108
Trd, 008071.037, 94
Trd, 008074.275, 93.0
Trd, 008074.337, 92
Trd, 008076.262, 139.0
Trd, 008076.325, 142.0
Trd, 008076.375, 108.0
Trd, 008076.437, 93.0
Trd, 008076.475, 111.0
Trd, 008076.537, 82
Trd, 008077.500, 116.0
Trd, 008077.750, 121
Trd, 008077.787, 111
Trd, 008078.875, 119
Trd, 008081.312, 106
Trd, 008083.312, 105
Trd, 008083.912, 102
Trd, 008087.050, 106
Trd, 008093.062, 118
Trd, 008106.150, 75.0
Trd, 008106.250, 132.0
Trd, 008106.500, 144.0
Trd, 008106.712, 112
Trd, 008106.800, 116
Trd, 008106.912, 111
Trd, 008107.325, 116.0
Trd, 008107.450, 110
Trd, 008107.762, 108.0
Trd, 008108.325, 116
Trd, 008109.550, 114
Trd, 008111.500, 116
Trd, 008114.912, 102
Trd, 008117.525, 124
Trd, 008120.075, 103
Trd, 008134.262, 95
Trd, 008136.187, 62.0
Trd, 008136.225, 120
Trd, 008136.300, 111.0
Trd, 008136.312, 96
Trd, 008136.350, 142.0
Trd, 008136.800, 139.0
Trd, 008137.237, 133
Trd, 008137.250, 108.0
Trd, 008137.875, 108.0
Trd, 008139.200, 109
Trd, 008143.125, 111
Trd, 008146.800, 102
Trd, 008148.425, 114
Trd, 008155.062, 95
Trd, 008157.425, 100
Trd, 008165.600, 99
Trd, 008166.375, 98.0
Trd, 008166.400, 107
Trd, 008166.412, 111.0
Trd, 008166.475, 124
Trd, 008166.662, 108.0
Trd, 008166.675, 103
Trd, 008166.712, 99
Trd, 008166.750, 94
Trd, 008166.925, 132.0
Trd, 008170.450, 108.0
Trd, 008171.012, 100
Trd, 008171.637, 113
Trd, 008173.250, 93.0
Trd, 008175.212, 118
Trd, 008188.612, 96
Trd, 008196.212, 98.0
Trd, 008196.275, 75.0
Trd, 008196.362, 108.0
Trd, 008196.387, 111.0
Trd, 008196.400, 80
Trd, 008196.462, 139.0
Trd, 008196.925, 115
Trd, 008197.425, 139
Trd, 008198.775, 119
Trd, 008199.112, 119
Trd, 008199.450, 118
Trd, 008208.975, 126
Trd, 008226.262, 139
Trd, 008226.337, 147.0
Trd, 008226.487, 126
Trd, 008226.587, 125
Trd, 008226.637, 116.0
Trd, 008227.087, 108.0
Trd, 008227.125, 111.0
Trd, 008227.500, 115
Trd, 008227.750, 122
Trd, 008228.437, 111
Trd, 008234.100, 108.0
Trd, 008234.525, 111
Trd, 008235.475, 117
Trd, 008237.700, 95
Trd, 008242.900, 93.0
Trd, 008244.375, 87
Trd, 008251.000, 85
Trd, 008256.237, 132.0
Trd, 008256.350, 139.0
Trd, 008256.537, 108.0
Trd, 008256.775, 108
Trd, 008256.800, 117
Trd, 008256.962, 93.0
Trd, 008257.850, 111.0
Trd, 008258.825, 98
Trd, 008259.950, 102
Trd, 008260.400, 107
Trd, 008261.950, 115
Trd, 008265.387, 108
Trd, 008273.175, 109
Trd, 008277.175, 107
Trd, 008279.450, 108
Trd, 008279.950, 95
Trd, 008286.225, 150.0
Trd, 008286.350, 116.0
Trd, 008286.400, 142.0
Trd, 008286.587, 142.0
Trd, 008286.887, 110
Trd, 008286.937, 128
Trd, 008287.475, 111.0
Trd, 008288.062, 109
Trd, 008288.300, 125
Trd, 008288.587, 109
Trd, 008295.787, 114
Trd, 008300.662, 108.0
Trd, 008316.350, 150.0
Trd, 008316.362, 111
Trd, 008316.412, 108.0
Trd, 008316.600, 139.0
Trd, 008316.675, 102
Trd, 008316.887, 111
Trd, 008316.912, 129
Trd, 008317.475, 126
Trd, 008317.487, 113
Trd, 008317.825, 95
Trd, 008319.862, 109
Trd, 008320.550, 93.0
Trd, 008321.175, 116.0
Trd, 008324.825, 98.0
Trd, 008329.775, 90
Trd, 008330.087, 95
Trd, 008335.525, 108
Trd, 008346.337, 108.0
Trd, 008346.437, 62.0
Trd, 008346.512, 96.0
Trd, 008346.662, 104
Trd, 008347.387, 97
Trd, 008347.550, 98.0
Trd, 008348.112, 108.0
Trd, 008349.512, 111.0
Trd, 008351.725, 104
Trd, 008353.775, 104
Trd, 008359.012, 103
Trd, 008362.862, 107
Trd, 008370.112, 103
Trd, 008376.300, 75.0
Trd, 008376.550, 93.0
Trd, 008376.937, 108.0
Trd, 008377.775, 111.0
Trd, 008377.837, 116
Trd, 008378.187, 108
Trd, 008378.700, 128
Trd, 008379.037, 118
Trd, 008379.050, 111
Trd, 008382.225, 113
Trd, 008382.875, 114
Trd, 008387.737, 112
Trd, 008391.275, 108.0
Trd, 008395.825, 100
Trd, 008396.675, 95
Trd, 008406.587, 108.0
Trd, 008406.762, 106
Trd, 008407.487, 107
Trd, 008407.512, 139
Trd, 008407.812, 119
Trd, 008407.925, 126
Trd, 008408.250, 116.0
Trd, 008408.475, 113
Trd, 008408.512, 109
Trd, 008408.612, 128
Trd, 008411.475, 108.0
Trd, 008411.525, 111.0
Trd, 008414.312, 95
Trd, 008427.475, 93.0
Trd, 008430.300, 100
Trd, 008436.287, 144.0
Trd, 008436.350, 116.0
Trd, 008436.550, 108.0
Trd, 008437.175, 93.0
Trd, 008437.287, 96.0
Trd, 008437.675, 98.0
Trd, 008437.725, 106
Trd, 008441.950, 108.0
Trd, 008442.362, 98
Trd, 008443.637, 97
Trd, 008446.387, 116
Trd, 008449.262, 99
Trd, 008449.350, 94
Trd, 008454.337, 91
Trd, 008466.300, 100
Trd, 008466.337, 132.0
Trd, 008466.525, 144.0
Trd, 008466.562, 108.0
Trd, 008466.787, 102
Trd, 008466.875, 96.0
Trd, 008467.200, 139.0
Trd, 008468.750, 126
Trd, 008469.275, 131
Trd, 008469.375, 124
Trd, 008469.525, 116.0
Trd, 008473.150, 123
Trd, 008473.512, 122
Trd, 008475.037, 94
Trd, 008478.175, 93.0
Trd, 008495.937, 87
Trd, 008496.412, 116.0
Trd, 008496.512, 144.0
Trd, 008496.537, 108.0
Trd, 008496.700, 83
Trd, 008497.012, 95
Trd, 008497.037, 87
Trd, 008497.187, 111.0
Trd, 008497.537, 98.0
Trd, 008497.925, 116
Trd, 008500.900, 104
Trd, 008505.425, 107
Trd, 008509.275, 114
Trd, 008512.025, 116
Trd, 008521.612, 94
Trd, 008526.400, 139.0
Trd, 008526.450, 121
Trd, 008526.525, 116.0
Trd, 008526.850, 122
Trd, 008527.000, 108.0
Trd, 008527.125, 126
Trd, 008527.475, 106
Trd, 008527.550, 96.0
Trd, 008528.225, 104
Trd, 008529.037, 107
Trd, 008530.975, 111.0
Trd, 008535.362, 106
Trd, 008537.125, 110
Trd, 008537.625, 95
Trd, 008543.912, 105
Trd, 008547.987, 93.0
Trd, 008549.987, 113
Trd, 008556.450, 75.0
Trd, 008556.500, 96.0
Trd, 008556.662, 98.0
Trd, 008556.737, 106
Trd, 008556.775, 90
Trd, 008556.962, 108.0
Trd, 008557.525, 133
Trd, 008557.675, 103
Trd, 008557.937, 109
Trd, 008559.050, 106
Trd, 008559.275, 132.0
Trd, 008560.537, 111.0
Trd, 008563.400, 110
Trd, 008563.550, 108
Trd, 008566.925, 111
Trd, 008586.312, 130
Trd, 008586.375, 111
Trd, 008586.562, 108.0
Trd, 008586.612, 111.0
Trd, 008586.837, 108
Trd, 008587.287, 111
Trd, 008587.300, 114
Trd, 008587.412, 95
Trd, 008587.662, 117
Trd, 008588.937, 116.0
Trd, 008589.900, 109
Trd, 008590.675, 103
Trd, 008595.187, 111
Trd, 008597.150, 97
Trd, 008601.712, 121
Trd, 008616.350, 98.0
Trd, 008616.537, 139.0
Trd, 008616.787, 142.0
Trd, 008616.812, 122
Trd, 008617.025, 148
Trd, 008617.487, 122
Trd, 008617.612, 111.0
Trd, 008618.625, 118
Trd, 008621.937, 117
Trd, 008624.462, 129
Trd, 008627.687, 116.0
Trd, 008628.075, 108.0
Trd, 008633.287, 94
Trd, 008634.187, 99
Trd, 008636.737, 95
Trd, 008636.837, 105
Trd, 008646.512, 150.0
Trd, 008646.550, 144.0
Trd, 008646.662, 116.0
Trd, 008646.837, 142.0
Trd, 008646.887, 139.0
Trd, 008646.962, 108.0
Trd, 008647.462, 105
Trd, 008647.575, 93.0
Trd, 008648.687, 108.0
Trd, 008651.112, 103
Trd, 008652.037, 103
Trd, 008665.575, 105
Trd, 008666.275, 103
Trd, 008670.687, 107
Trd, 008671.125, 98
Trd, 008676.350, 96.0
Trd, 008676.462, 144.0
Trd, 008676.862, 142.0
Trd, 008677.050, 139.0
Trd, 008677.075, 133
Trd, 008677.112, 150
Trd, 008677.762, 126
Trd, 008678.262, 116.0
Trd, 008680.250, 112
Trd, 008686.325, 116
Trd, 008691.050, 120
Trd, 008695.350, 95
Trd, 008697.750, 112
Trd, 008698.925, 111
Trd, 008702.712, 98
Trd, 008706.437, 142.0
Trd, 008706.550, 115
Trd, 008706.562, 121
Trd, 008706.762, 117
Trd, 008706.775, 112
Trd, 008706.925, 108.0
Trd, 008707.200, 115
Trd, 008707.375, 121
Trd, 008707.425, 124
Trd, 008707.537, 113
Trd, 008708.450, 116.0
Trd, 008709.887, 105
Trd, 008715.250, 95
Trd, 008725.000, 93.0
Trd, 008735.675, 112
Trd, 008736.450, 62.0
Trd, 008736.700, 96.0
Trd, 008736.825, 98.0
Trd, 008736.837, 93
Trd, 008736.925, 106
Trd, 008737.412, 108.0
Trd, 008737.625, 111.0
Trd, 008738.350, 142.0
Trd, 008739.812, 129
Trd, 008741.787, 127
Trd, 008745.587, 116.0
Trd, 008745.612, 94
Trd, 008754.925, 103
Trd, 008755.312, 111
Trd, 008757.162, 95
Trd, 008766.412, 108
Trd, 008766.600, 139.0
Trd, 008766.637, 146
Trd, 008766.700, 96
Trd, 008766.962, 88
Trd, 008767.012, 108.0
Trd, 008767.312, 114
Trd, 008767.612, 112
Trd, 008767.637, 117
Trd, 008771.087, 104
Trd, 008771.575, 103
Trd, 008771.737, 110
Trd, 008771.825, 111.0
Trd, 008779.250, 114
Trd, 008787.862, 97
Trd, 008795.112, 93.0
Trd, 008796.537, 117
Trd, 008796.825, 98.0
Trd, 008797.112, 116.0
Trd, 008797.162, 132.0
Trd, 008797.587, 117
Trd, 008797.762, 108.0
Trd, 008798.537, 142.0
Trd, 008799.275, 142.0
Trd, 008799.312, 119
Trd, 008802.237, 120
Trd, 008802.462, 98
Trd, 008804.087, 104
Trd, 008806.462, 120
Trd, 008811.062, 100
Trd, 008813.087, 95
Trd, 008815.262, 93.0
Trd, 008823.437, 103
Trd, 008826.475, 108.0
Trd, 008826.537, 124
Trd, 008826.612, 111
Trd, 008827.412, 96.0
Trd, 008827.537, 98.0
Trd, 008827.762, 103
Trd, 008827.950, 95
Trd, 008827.987, 102
Trd, 008828.137, 107
Trd, 008828.275, 93.0
Trd, 008828.425, 116
Trd, 008829.162, 92
Trd, 008832.075, 111.0
Trd, 008833.512, 100
Trd, 008835.412, 108
Trd, 008851.462, 105
Trd, 008856.512, 150.0
Trd, 008856.550, 116.0
Trd, 008856.600, 142.0
Trd, 008856.787, 82
Trd, 008856.950, 96.0
Trd, 008857.087, 98.0
Trd, 008857.937, 113
Trd, 008858.300, 99
Trd, 008858.812, 108.0
Trd, 008859.712, 109
Trd, 008861.375, 108
Trd, 008874.912, 109
Trd, 008876.437, 95
Trd, 008886.537, 108.0
Trd, 008886.725, 93
Trd, 008886.825, 87
Trd, 008887.037, 96.0
Trd, 008887.237, 98.0
Trd, 008887.862, 103
Trd, 008887.875, 111.0
Trd, 008887.887, 97
Trd, 008890.975, 118
Trd, 008891.987, 114
Trd, 008893.712, 108.0
Trd, 008895.150, 125
Trd, 008901.612, 94
Trd, 008901.900, 93.0
Trd, 008905.412, 111
Trd, 008908.625, 97
Trd, 008916.625, 129
Trd, 008917.025, 139.0
Trd, 008917.062, 116.0
Trd, 008917.337, 119
Trd, 008917.375, 133
Trd, 008917.462, 139
Trd, 008917.600, 108.0
Trd, 008917.637, 106
Trd, 008918.375, 111.0
Trd, 008918.412, 112
Trd, 008918.512, 109
Trd, 008919.500, 93.0
Trd, 008919.737, 93
Trd, 008920.562, 118
Trd, 008923.137, 106
Trd, 008927.662, 87
Trd, 008932.137, 109
Trd, 008934.112, 94
Trd, 008946.662, 105
Trd, 008947.025, 96.0
Trd, 008947.162, 99
Trd, 008947.437, 100
Trd, 008947.475, 96
Trd, 008947.487, 107
Trd, 008947.937, 108.0
Trd, 008947.975, 95
Trd, 008948.975, 102
Trd, 008949.287, 109
Trd, 008950.012, 111.0
Trd, 008951.962, 107
Trd, 008953.187, 106
Trd, 008954.687, 116
Trd, 008966.600, 107
Trd, 008972.087, 93.0
Trd, 008976.550, 139.0
Trd, 008976.562, 110
Trd, 008976.962, 98
Trd, 008977.112, 116.0
Trd, 008977.675, 108.0
Trd, 008977.762, 109
Trd, 008977.812, 107
Trd, 008977.862, 93.0
Trd, 008977.950, 111.0
Trd, 008979.450, 104
Trd, 008980.287, 110
Trd, 008980.787, 104
Trd, 008981.587, 115
Trd, 008984.287, 94
Trd, 008985.025, 91
Trd, 008991.587, 87
Trd, 008997.200, 112
Trd, 008999.212, 124
Trd, 009002.237, 90
Trd, 009006.625, 98.0
Trd, 009006.837, 103
Trd, 009006.875, 103
Trd, 009006.987, 108.0
Trd, 009007.037, 108
Trd, 009007.987, 111.0
Trd, 009008.300, 108.0
Trd, 009008.412, 117
Trd, 009008.725, 121
Trd, 009011.012, 118
Trd, 009011.062, 116
Trd, 009012.475, 117
Trd, 009012.912, 107
Trd, 009023.087, 93
Trd, 009030.725, 104
Trd, 009036.537, 106
Trd, 009036.575, 77
Trd, 009036.937, 96
Trd, 009036.962, 108.0
Trd, 009037.187, 142.0
Trd, 009037.462, 111
Trd, 009038.387, 111.0
Trd, 009038.762, 113
Trd, 009039.687, 108.0
Trd, 009040.025, 108
Trd, 009041.537, 116.0
Trd, 009043.450, 98
Trd, 009046.150, 114
Trd, 009054.212, 97
Trd, 009066.737, 139.0
Trd, 009067.175, 98.0
Trd, 009067.250, 108.0
Trd, 009067.650, 111.0
Trd, 009067.737, 97
Trd, 009067.825, 98
Trd, 009069.300, 108.0
Trd, 009069.912, 112
Trd, 009070.212, 103
Trd, 009070.225, 101
Trd, 009071.500, 115
Trd, 009071.812, 94
Trd, 009081.362, 94
Trd, 009086.887, 93.0
Trd, 009090.075, 95
Trd, 009096.612, 87
Trd, 009096.625, 124
Trd, 009096.700, 75.0
Trd, 009096.775, 80
Trd, 009097.312, 108.0
Trd, 009097.387, 105
Trd, 009097.550, 104
