Trd, 000030.037, 100.0
Trd, 000030.237, 121.0
Trd, 000030.262, 125
Trd, 000030.300, 120.0
Trd, 000030.487, 106
Trd, 000030.600, 88
Trd, 000030.787, 86
Trd, 000030.800, 92
Trd, 000030.887, 97.0
Trd, 000031.000, 108.0
Trd, 000031.812, 115
Trd, 000032.237, 104
Trd, 000033.150, 110
Trd, 000041.375, 124.0
Trd, 000046.900, 112
Trd, 000050.675, 133.0
Trd, 000053.738, 105
Trd, 000060.288, 117
Trd, 000060.338, 107
Trd, 000060.375, 109.0
Trd, 000060.450, 123.0
Trd, 000060.775, 120.0
Trd, 000060.888, 107
Trd, 000060.988, 101
Trd, 000061.125, 99.0
Trd, 000061.700, 102
Trd, 000061.888, 105
Trd, 000063.400, 106
Trd, 000063.538, 107
Trd, 000064.000, 119.0
Trd, 000072.675, 95
Trd, 000074.950, 84
Trd, 000075.913, 86
Trd, 000090.138, 74.0
Trd, 000090.163, 108.0
Trd, 000090.263, 76.0
Trd, 000090.350, 120.0
Trd, 000090.413, 118.0
Trd, 000090.750, 121.0
Trd, 000090.763, 123.0
Trd, 000091.038, 99
Trd, 000091.938, 119
Trd, 000094.763, 118
Trd, 000095.425, 107
Trd, 000096.250, 131.0
Trd, 000096.463, 112
Trd, 000096.900, 95
Trd, 000102.100, 120
Trd, 000117.388, 91
Trd, 000120.063, 108.0
Trd, 000120.138, 104
Trd, 000120.200, 94.0
Trd, 000120.688, 71.0
Trd, 000120.800, 102.0
Trd, 000120.963, 97.0
Trd, 000121.325, 120.0
Trd, 000121.375, 111
Trd, 000121.725, 114
Trd, 000121.775, 98
Trd, 000122.225, 123
Trd, 000131.425, 107
Trd, 000132.450, 105
Trd, 000139.988, 93
Trd, 000150.100, 106
Trd, 000150.338, 108
Trd, 000150.500, 87
Trd, 000150.612, 92.0
Trd, 000150.737, 97
Trd, 000150.750, 87
Trd, 000150.900, 99.0
Trd, 000151.337, 101.0
Trd, 000151.750, 113
Trd, 000153.162, 111
Trd, 000154.050, 110
Trd, 000155.675, 119.0
Trd, 000164.150, 112
Trd, 000166.187, 122
Trd, 000166.637, 111.0
Trd, 000180.162, 113
Trd, 000180.250, 119
Trd, 000180.475, 118.0
Trd, 000180.487, 112
Trd, 000180.562, 125
Trd, 000180.712, 120.0
Trd, 000180.850, 133.0
Trd, 000180.950, 111.0
Trd, 000181.200, 115
Trd, 000181.275, 114
Trd, 000181.812, 125.0
Trd, 000183.375, 113
Trd, 000184.675, 99
Trd, 000188.875, 88
Trd, 000191.612, 100
Trd, 000193.825, 114
Trd, 000210.187, 65.0
Trd, 000210.575, 121.0
Trd, 000210.612, 111.0
Trd, 000210.875, 87
Trd, 000211.150, 118
Trd, 000211.300, 115
Trd, 000211.637, 90
Trd, 000211.962, 120
Trd, 000211.987, 125.0
Trd, 000212.925, 118.0
Trd, 000213.012, 102
Trd, 000213.400, 102
Trd, 000214.112, 119
Trd, 000214.762, 120.0
Trd, 000217.475, 90
Trd, 000222.175, 87
Trd, 000240.287, 93.0
Trd, 000240.450, 75
Trd, 000240.812, 98.0
Trd, 000240.975, 108
Trd, 000241.000, 109.0
Trd, 000241.062, 92
Trd, 000241.362, 110
Trd, 000242.325, 102.0
Trd, 000242.725, 102
Trd, 000244.825, 108
Trd, 000247.350, 114
Trd, 000251.650, 112
Trd, 000253.462, 112
Trd, 000257.450, 120.0
Trd, 000262.487, 112
Trd, 000270.187, 113
Trd, 000270.350, 116
Trd, 000270.512, 115
Trd, 000270.600, 111.0
Trd, 000270.650, 131.0
Trd, 000271.050, 93.0
Trd, 000271.087, 108
Trd, 000271.362, 86
Trd, 000271.387, 108
Trd, 000272.875, 99
Trd, 000273.800, 108.0
Trd, 000275.012, 118.0
Trd, 000278.975, 109
Trd, 000284.925, 109
Trd, 000285.400, 123.0
Trd, 000286.662, 111
Trd, 000295.912, 85
Trd, 000298.050, 108
Trd, 000300.387, 108
Trd, 000300.575, 83
Trd, 000300.675, 74.0
Trd, 000300.737, 119.0
Trd, 000301.000, 99.0
Trd, 000301.187, 100
Trd, 000301.375, 120
Trd, 000301.612, 113
Trd, 000301.762, 115
Trd, 000302.150, 111.0
Trd, 000302.700, 109
Trd, 000302.787, 107
Trd, 000303.700, 109.0
Trd, 000304.762, 112
Trd, 000308.625, 114
Trd, 000310.450, 123.0
Trd, 000312.237, 113
Trd, 000330.400, 105
Trd, 000330.462, 107
Trd, 000330.475, 98
Trd, 000330.662, 92
Trd, 000330.700, 99.0
Trd, 000330.712, 125.0
Trd, 000331.012, 108.0
Trd, 000331.162, 102
Trd, 000331.825, 112.0
Trd, 000332.100, 110
Trd, 000332.962, 118.0
Trd, 000333.262, 109
Trd, 000337.287, 100.0
Trd, 000340.412, 126
Trd, 000345.600, 101
Trd, 000356.325, 87
Trd, 000360.462, 99.0
Trd, 000360.512, 133.0
Trd, 000361.087, 151.0
Trd, 000361.112, 112.0
Trd, 000361.387, 132
Trd, 000361.762, 133
Trd, 000361.775, 126
Trd, 000361.950, 127
Trd, 000362.137, 125
Trd, 000362.162, 120.0
Trd, 000362.875, 107.0
Trd, 000364.250, 100
Trd, 000364.887, 88
Trd, 000366.075, 106
Trd, 000380.250, 108
Trd, 000390.337, 119.0
Trd, 000390.412, 118.0
Trd, 000390.487, 120.0
Trd, 000390.687, 112.0
Trd, 000390.787, 109
Trd, 000390.950, 89
Trd, 000391.187, 90
Trd, 000391.225, 98.0
Trd, 000391.500, 123.0
Trd, 000392.475, 101
Trd, 000392.537, 101
Trd, 000393.937, 103
Trd, 000398.287, 102
Trd, 000406.737, 101
Trd, 000416.425, 86
Trd, 000420.362, 133.0
Trd, 000420.387, 97
Trd, 000420.450, 96
Trd, 000420.512, 109.0
Trd, 000420.637, 72.0
Trd, 000420.862, 70.0
Trd, 000420.962, 101.0
Trd, 000421.162, 124
Trd, 000421.275, 111.0
Trd, 000421.475, 113
Trd, 000422.387, 109
Trd, 000422.550, 119.0
Trd, 000424.075, 105
Trd, 000427.387, 107
Trd, 000436.387, 111
Trd, 000441.850, 94
Trd, 000450.387, 111.0
Trd, 000450.637, 71.0
Trd, 000450.687, 98.0
Trd, 000450.837, 66.0
Trd, 000451.112, 96
Trd, 000451.312, 105
Trd, 000451.337, 120.0
Trd, 000451.687, 102.0
Trd, 000451.812, 94
Trd, 000451.950, 107.0
Trd, 000452.187, 106
Trd, 000454.475, 106
Trd, 000457.012, 124.0
Trd, 000457.050, 115
Trd, 000458.100, 115
Trd, 000476.850, 116
Trd, 000480.362, 100
Trd, 000480.550, 69.0
Trd, 000480.600, 66
Trd, 000480.750, 75.0
Trd, 000480.850, 94
Trd, 000480.937, 98.0
Trd, 000481.650, 108.0
Trd, 000481.787, 114
Trd, 000481.825, 92
Trd, 000482.575, 111
Trd, 000483.100, 120.0
Trd, 000493.375, 119
Trd, 000493.450, 119
Trd, 000493.650, 118
Trd, 000494.225, 117
Trd, 000502.512, 124.0
Trd, 000505.137, 112.0
Trd, 000510.612, 65.0
Trd, 000510.725, 125.0
Trd, 000510.812, 120.0
Trd, 000510.950, 132.0
Trd, 000511.000, 108
Trd, 000511.012, 106
Trd, 000511.412, 107
Trd, 000511.562, 104
Trd, 000511.725, 109.0
Trd, 000512.087, 104
Trd, 000512.600, 109
Trd, 000512.612, 107
Trd, 000513.425, 92.0
Trd, 000518.212, 113
Trd, 000519.762, 120.0
Trd, 000537.400, 85
Trd, 000540.400, 70.0
Trd, 000540.525, 103
Trd, 000540.675, 150.0
Trd, 000540.837, 132.0
Trd, 000540.862, 111
Trd, 000541.225, 100.0
Trd, 000541.725, 108
Trd, 000542.325, 110.0
Trd, 000542.962, 119.0
Trd, 000553.262, 118
Trd, 000558.925, 117
Trd, 000563.212, 98
Trd, 000570.550, 115
Trd, 000570.637, 71.0
Trd, 000570.675, 108
Trd, 000570.900, 102
Trd, 000571.000, 109.0
Trd, 000571.050, 100
Trd, 000571.287, 119.0
Trd, 000571.500, 125.0
Trd, 000572.312, 113
Trd, 000572.775, 117
Trd, 000574.575, 116
Trd, 000577.900, 111.0
Trd, 000579.087, 118.0
Trd, 000600.462, 75.0
Trd, 000600.650, 92.0
Trd, 000600.675, 101.0
Trd, 000600.762, 123.0
Trd, 000600.900, 151.0
Trd, 000601.000, 92
Trd, 000601.387, 118.0
Trd, 000602.413, 121.0
Trd, 000602.438, 111
Trd, 000603.125, 127
Trd, 000611.725, 124
Trd, 000619.338, 127
Trd, 000622.163, 133.0
Trd, 000622.750, 124
Trd, 000630.500, 123
Trd, 000630.613, 149.0
Trd, 000630.738, 76.0
Trd, 000630.800, 109.0
Trd, 000630.900, 104
Trd, 000631.100, 132.0
Trd, 000631.113, 119.0
Trd, 000631.475, 105
Trd, 000631.813, 112
Trd, 000632.000, 76
Trd, 000632.163, 119
Trd, 000633.650, 83
Trd, 000633.950, 92.0
Trd, 000634.500, 104
Trd, 000656.363, 119
Trd, 000657.625, 99
Trd, 000659.725, 102
Trd, 000660.525, 151.0
Trd, 000660.638, 93.0
Trd, 000660.813, 71.0
Trd, 000660.950, 81
Trd, 000661.100, 107.0
Trd, 000661.738, 88
Trd, 000661.763, 88
Trd, 000662.000, 97.0
Trd, 000662.675, 109
Trd, 000663.525, 100
Trd, 000663.588, 102.0
Trd, 000664.700, 118.0
Trd, 000670.388, 114
Trd, 000672.388, 108
Trd, 000672.500, 90
Trd, 000690.638, 76.0
Trd, 000690.900, 65.0
Trd, 000691.038, 94.0
Trd, 000691.050, 99.0
Trd, 000691.550, 101.0
Trd, 000691.675, 107.0
Trd, 000691.863, 122.0
Trd, 000692.850, 112
Trd, 000696.238, 124.0
Trd, 000696.925, 121
Trd, 000701.600, 123
Trd, 000702.638, 121
Trd, 000702.650, 118
Trd, 000708.488, 101
Trd, 000719.875, 86
Trd, 000720.500, 115
Trd, 000720.613, 107
Trd, 000720.825, 99.0
Trd, 000720.950, 115
Trd, 000721.288, 110.0
Trd, 000721.388, 121.0
Trd, 000721.625, 109
Trd, 000721.925, 118.0
Trd, 000722.100, 116
Trd, 000723.063, 123.0
Trd, 000723.650, 114
Trd, 000724.263, 100
Trd, 000726.025, 104
Trd, 000732.088, 112
Trd, 000736.425, 132.0
Trd, 000750.625, 120.0
Trd, 000750.788, 102
Trd, 000750.875, 95
Trd, 000751.113, 113
Trd, 000751.175, 124.0
Trd, 000751.338, 102
Trd, 000751.513, 119
Trd, 000751.575, 111.0
Trd, 000751.713, 116
Trd, 000751.800, 89
Trd, 000751.875, 143
Trd, 000751.888, 78
Trd, 000751.988, 102
Trd, 000754.788, 111
Trd, 000772.913, 110
Trd, 000780.563, 65.0
Trd, 000780.913, 76.0
Trd, 000781.300, 101.0
Trd, 000781.438, 107.0
Trd, 000781.450, 90
Trd, 000781.813, 114
Trd, 000781.888, 98
Trd, 000786.438, 118.0
Trd, 000786.513, 113
Trd, 000786.600, 115
Trd, 000787.188, 124
Trd, 000789.475, 111.0
Trd, 000791.788, 105
Trd, 000796.888, 104
Trd, 000797.738, 96
Trd, 000799.175, 103
Trd, 000810.525, 70.0
Trd, 000810.700, 100.0
Trd, 000810.925, 131.0
Trd, 000811.113, 119.0
Trd, 000811.175, 102
Trd, 000811.388, 95
Trd, 000811.650, 97
Trd, 000811.663, 92
Trd, 000812.013, 114
Trd, 000812.563, 110.0
Trd, 000813.838, 109
Trd, 000822.038, 120.0
Trd, 000827.175, 113
Trd, 000827.488, 112
Trd, 000839.750, 119
Trd, 000840.538, 118
Trd, 000840.638, 74.0
Trd, 000840.763, 109.0
Trd, 000840.863, 118
Trd, 000840.988, 133.0
Trd, 000841.275, 124
Trd, 000841.500, 128
Trd, 000841.700, 108
Trd, 000842.513, 118.0
Trd, 000844.063, 110.0
Trd, 000844.575, 117
Trd, 000845.125, 119.0
Trd, 000847.250, 102
Trd, 000856.500, 89
Trd, 000870.838, 93
Trd, 000870.850, 98.0
Trd, 000870.950, 101.0
Trd, 000871.038, 102
Trd, 000871.075, 107
Trd, 000871.325, 99
Trd, 000871.413, 118.0
Trd, 000871.688, 125.0
Trd, 000872.350, 97
Trd, 000872.375, 96
Trd, 000872.400, 95
Trd, 000872.538, 107.0
Trd, 000874.713, 101
Trd, 000876.738, 108
Trd, 000885.400, 100
Trd, 000900.550, 131.0
Trd, 000900.675, 149.0
Trd, 000900.875, 120.0
Trd, 000901.013, 113
Trd, 000901.175, 123
Trd, 000901.413, 121.0
Trd, 000901.838, 120
Trd, 000901.900, 127
Trd, 000902.413, 121
Trd, 000902.825, 120
Trd, 000903.663, 118
Trd, 000903.713, 110.0
Trd, 000905.913, 91
Trd, 000912.913, 121
Trd, 000927.900, 87
Trd, 000930.750, 92.0
Trd, 000931.038, 97.0
Trd, 000931.400, 90
Trd, 000931.513, 99
Trd, 000931.575, 94
Trd, 000931.650, 106
Trd, 000931.725, 108.0
Trd, 000931.913, 113
Trd, 000932.125, 119.0
Trd, 000932.250, 103
Trd, 000932.375, 100
Trd, 000932.550, 99
Trd, 000932.713, 99
Trd, 000933.050, 97
Trd, 000942.950, 122
Trd, 000960.700, 119.0
Trd, 000960.763, 151.0
Trd, 000961.038, 75.0
Trd, 000961.338, 70.0
Trd, 000961.438, 99.0
Trd, 000962.438, 94.0
Trd, 000962.688, 100.0
Trd, 000963.025, 88
Trd, 000963.263, 106
Trd, 000963.688, 107.0
Trd, 000964.025, 110.0
Trd, 000964.050, 120.0
Trd, 000966.925, 114
Trd, 000967.575, 113
Trd, 000979.475, 114
Trd, 000984.163, 94
Trd, 000990.738, 70.0
Trd, 000990.850, 133.0
Trd, 000990.888, 121.0
Trd, 000990.963, 105
Trd, 000991.188, 105
Trd, 000991.288, 109.0
Trd, 000991.588, 111.0
Trd, 000992.000, 119.0
Trd, 000992.225, 124.0
Trd, 000993.038, 129
Trd, 000993.263, 125
Trd, 000993.375, 116
Trd, 000995.275, 111
Trd, 000995.850, 112
Trd, 001020.813, 118.0
Trd, 001020.825, 116
Trd, 001020.875, 124
Trd, 001020.963, 100.0
Trd, 001021.250, 113
Trd, 001021.263, 83
Trd, 001021.500, 78
Trd, 001021.875, 92.0
Trd, 001022.063, 98
Trd, 001022.175, 99.0
Trd, 001022.188, 109.0
Trd, 001022.825, 118.0
Trd, 001024.700, 121.0
Trd, 001028.475, 122
Trd, 001033.425, 124
Trd, 001048.850, 101
Trd, 001050.663, 76.0
Trd, 001050.788, 75.0
Trd, 001050.863, 151.0
Trd, 001051.138, 112
Trd, 001051.363, 111
Trd, 001051.475, 109
Trd, 001051.550, 109
Trd, 001051.863, 111.0
Trd, 001052.063, 118.0
Trd, 001052.475, 111
Trd, 001052.775, 112
Trd, 001053.775, 114
Trd, 001056.575, 124
Trd, 001060.875, 125.0
Trd, 001061.725, 132.0
Trd, 001074.775, 117
Trd, 001080.725, 114
Trd, 001080.788, 111.0
Trd, 001080.938, 75
Trd, 001081.113, 99.0
Trd, 001081.175, 119
Trd, 001081.450, 119.0
Trd, 001081.675, 113
Trd, 001081.813, 105
Trd, 001081.950, 93.0
Trd, 001083.238, 118.0
Trd, 001084.038, 110
Trd, 001084.200, 107
Trd, 001084.625, 105
Trd, 001091.250, 105
Trd, 001091.375, 105
Trd, 001097.025, 117
Trd, 001110.888, 111
Trd, 001111.138, 120.0
Trd, 001111.613, 131.0
Trd, 001111.638, 130
Trd, 001111.688, 122.0
Trd, 001111.813, 124.0
Trd, 001111.838, 124
Trd, 001111.900, 110.0
Trd, 001112.150, 113
Trd, 001112.600, 114
Trd, 001112.838, 138
Trd, 001113.450, 128
Trd, 001114.688, 126
Trd, 001118.238, 109
Trd, 001129.863, 92
Trd, 001140.700, 74.0
Trd, 001140.900, 110.0
Trd, 001140.938, 110
Trd, 001140.950, 106
Trd, 001141.088, 105
Trd, 001141.238, 118.0
Trd, 001141.288, 103
Trd, 001141.638, 87
Trd, 001141.888, 109.0
Trd, 001142.075, 107
Trd, 001142.213, 76
Trd, 001143.450, 112
Trd, 001144.313, 106
Trd, 001144.663, 114
Trd, 001146.925, 123.0
Trd, 001153.713, 91
Trd, 001170.663, 119.0
Trd, 001170.713, 97.0
Trd, 001171.000, 82
Trd, 001171.025, 93.0
Trd, 001171.225, 102.0
Trd, 001171.463, 110
Trd, 001171.775, 123.0
Trd, 001172.675, 128
Trd, 001172.800, 118.0
Trd, 001172.875, 113
Trd, 001173.950, 112
Trd, 001174.475, 116
Trd, 001176.775, 120
Trd, 001181.725, 111
Trd, 001182.613, 110.0
Trd, 001194.800, 88
Trd, 001200.788, 66.0
Trd, 001201.063, 100.0
Trd, 001201.250, 121.0
Trd, 001201.275, 110
Trd, 001201.525, 81
Trd, 001201.663, 123.0
Trd, 001201.688, 101
Trd, 001202.250, 132.0
Trd, 001202.713, 120.0
Trd, 001203.700, 114
Trd, 001203.925, 113
Trd, 001205.038, 129
Trd, 001205.738, 131.0
Trd, 001206.875, 110.0
Trd, 001208.875, 104
Trd, 001209.175, 125
Trd, 001210.288, 123
Trd, 001217.113, 105
Trd, 001230.713, 100.0
Trd, 001231.013, 111
Trd, 001231.225, 124.0
Trd, 001231.688, 122.0
Trd, 001231.713, 111.0
Trd, 001232.050, 114
Trd, 001232.688, 120.0
Trd, 001233.538, 113
Trd, 001233.788, 120.0
Trd, 001233.875, 103
Trd, 001235.775, 131
Trd, 001239.650, 128
Trd, 001240.100, 115
Trd, 001240.525, 108
Trd, 001246.500, 113
Trd, 001248.225, 111
Trd, 001260.838, 94.0
Trd, 001260.863, 97.0
Trd, 001261.213, 112.0
Trd, 001261.400, 98
Trd, 001261.763, 96
Trd, 001262.100, 100.0
Trd, 001262.550, 97
Trd, 001263.125, 110
Trd, 001263.525, 120.0
Trd, 001264.913, 117
Trd, 001275.225, 116
Trd, 001275.238, 118
Trd, 001275.938, 110
Trd, 001281.300, 88
Trd, 001290.913, 115
Trd, 001290.963, 114
Trd, 001291.100, 114
Trd, 001291.250, 119.0
Trd, 001291.363, 101
Trd, 001291.588, 109
Trd, 001291.600, 111
Trd, 001291.963, 98.0
Trd, 001292.200, 102.0
Trd, 001292.388, 86
Trd, 001292.875, 109
Trd, 001294.113, 110.0
Trd, 001295.063, 112
Trd, 001298.475, 109
Trd, 001299.275, 124.0
Trd, 001305.250, 116
Trd, 001320.863, 144
Trd, 001320.900, 119.0
Trd, 001321.338, 122
Trd, 001321.488, 119
Trd, 001321.500, 117
Trd, 001322.000, 111.0
Trd, 001322.038, 109
Trd, 001322.113, 120.0
Trd, 001322.263, 121
Trd, 001323.013, 109.0
Trd, 001323.575, 102
Trd, 001324.075, 105
Trd, 001325.475, 94.0
Trd, 001332.838, 90
Trd, 001333.913, 106
Trd, 001336.063, 98
Trd, 001338.000, 113
Trd, 001351.000, 113
Trd, 001351.100, 97.0
Trd, 001351.188, 102.0
Trd, 001351.238, 107
Trd, 001351.250, 119.0
Trd, 001351.788, 109.0
Trd, 001351.988, 112.0
Trd, 001352.113, 111
Trd, 001352.750, 121.0
Trd, 001352.825, 120
Trd, 001352.925, 117
Trd, 001353.750, 123
Trd, 001354.600, 120
Trd, 001358.500, 121
Trd, 001380.950, 100.0
Trd, 001381.000, 87
Trd, 001381.150, 107.0
Trd, 001381.188, 112
Trd, 001381.350, 94.0
Trd, 001381.688, 102
Trd, 001381.738, 119.0
Trd, 001381.800, 83
Trd, 001382.575, 98
Trd, 001382.975, 99.0
Trd, 001383.188, 111
Trd, 001383.563, 124.0
Trd, 001383.850, 99
Trd, 001385.925, 132.0
Trd, 001389.500, 101
Trd, 001400.150, 102
Trd, 001410.788, 110.0
Trd, 001410.800, 72
Trd, 001411.025, 75.0
Trd, 001411.088, 100.0
Trd, 001411.163, 106
Trd, 001411.213, 99
Trd, 001411.350, 111
Trd, 001411.488, 131.0
Trd, 001411.675, 133.0
Trd, 001412.138, 104
Trd, 001414.388, 113
Trd, 001415.563, 119.0
Trd, 001416.338, 114
Trd, 001421.925, 104
Trd, 001428.800, 113
Trd, 001430.063, 106
Trd, 001440.888, 151.0
Trd, 001440.950, 124
Trd, 001441.200, 122.0
Trd, 001441.313, 119.0
Trd, 001441.325, 115
Trd, 001441.588, 110.0
Trd, 001442.663, 117
Trd, 001442.900, 115
Trd, 001443.275, 113
Trd, 001443.538, 111
Trd, 001444.338, 117
Trd, 001445.650, 113
Trd, 001447.738, 114
Trd, 001449.175, 109
Trd, 001470.850, 113
Trd, 001471.038, 122.0
Trd, 001471.188, 112.0
Trd, 001471.563, 119.0
Trd, 001471.900, 116
Trd, 001471.988, 116
Trd, 001472.225, 124.0
Trd, 001472.338, 116
Trd, 001472.500, 99.0
Trd, 001472.888, 99
Trd, 001473.588, 107
Trd, 001477.200, 109
Trd, 001480.388, 108
Trd, 001488.988, 100
Trd, 001500.363, 95
Trd, 001500.813, 100
Trd, 001500.988, 107.0
Trd, 001501.050, 105
Trd, 001501.263, 89
Trd, 001501.325, 98.0
Trd, 001501.488, 99
Trd, 001501.950, 103
Trd, 001502.188, 109
Trd, 001502.225, 114
Trd, 001502.488, 120.0
Trd, 001503.513, 97
Trd, 001505.975, 110
Trd, 001507.938, 124.0
Trd, 001508.663, 113
Trd, 001518.850, 132.0
Trd, 001529.050, 90
Trd, 001530.850, 92.0
Trd, 001530.888, 110
Trd, 001531.138, 75.0
Trd, 001531.388, 97.0
Trd, 001531.413, 100.0
Trd, 001531.975, 109.0
Trd, 001532.213, 99
Trd, 001532.275, 123.0
Trd, 001534.313, 121
Trd, 001536.200, 119.0
Trd, 001541.563, 115
Trd, 001543.050, 110.0
Trd, 001545.725, 131.0
Trd, 001551.088, 87
Trd, 001553.750, 104
Trd, 001556.200, 103
Trd, 001560.875, 102.0
Trd, 001560.988, 118.0
Trd, 001561.100, 104
Trd, 001561.738, 121.0
Trd, 001561.850, 118.0
Trd, 001562.000, 117
Trd, 001562.163, 123.0
Trd, 001562.188, 116
Trd, 001562.250, 113
Trd, 001562.688, 133.0
Trd, 001563.163, 111.0
Trd, 001564.475, 128
Trd, 001567.513, 135
Trd, 001568.663, 105
Trd, 001569.725, 85
Trd, 001572.213, 90
Trd, 001590.988, 112
Trd, 001591.013, 105
Trd, 001591.138, 120.0
Trd, 001591.313, 121.0
Trd, 001591.500, 117
Trd, 001591.613, 118
Trd, 001591.850, 100.0
Trd, 001591.875, 125.0
Trd, 001592.375, 123
Trd, 001592.588, 117
Trd, 001592.700, 95
Trd, 001593.763, 119.0
Trd, 001594.475, 131.0
Trd, 001594.688, 110
Trd, 001599.950, 111
Trd, 001604.488, 106
Trd, 001620.925, 132.0
Trd, 001621.013, 119.0
Trd, 001621.075, 142
Trd, 001621.488, 120.0
Trd, 001621.575, 122
Trd, 001621.600, 113
Trd, 001621.813, 112
Trd, 001622.313, 113
Trd, 001622.663, 119
Trd, 001623.388, 120.0
Trd, 001623.475, 111.0
Trd, 001623.638, 111
Trd, 001624.450, 110
Trd, 001624.688, 94
Trd, 001640.238, 106
Trd, 001650.950, 107
Trd, 001651.025, 133.0
Trd, 001651.338, 120.0
Trd, 001651.525, 110.0
Trd, 001651.800, 115
Trd, 001652.013, 118.0
Trd, 001652.063, 111
Trd, 001652.163, 123.0
Trd, 001652.863, 116
Trd, 001653.125, 112
Trd, 001653.563, 109
Trd, 001653.575, 84
Trd, 001654.900, 107
Trd, 001662.375, 101
Trd, 001669.175, 84
Trd, 001674.363, 97
Trd, 001680.925, 112.0
Trd, 001681.088, 118
Trd, 001681.563, 103
Trd, 001681.788, 109
Trd, 001681.800, 110
Trd, 001681.825, 102
Trd, 001682.225, 96
Trd, 001682.663, 98
Trd, 001683.000, 119.0
Trd, 001683.025, 120
Trd, 001683.225, 106
Trd, 001683.375, 104
Trd, 001686.638, 103
Trd, 001689.713, 107.0
Trd, 001694.775, 107
Trd, 001700.863, 103
Trd, 001710.925, 74.0
Trd, 001710.988, 74.0
Trd, 001711.150, 98.0
Trd, 001711.225, 125.0
Trd, 001711.438, 119.0
Trd, 001712.000, 119.0
Trd, 001712.088, 100
Trd, 001713.200, 120.0
Trd, 001713.375, 111
Trd, 001714.750, 121
Trd, 001715.688, 120
Trd, 001725.225, 108
Trd, 001725.538, 127
Trd, 001730.475, 116
Trd, 001735.100, 108
Trd, 001737.225, 101
Trd, 001741.000, 120.0
Trd, 001741.275, 107.0
Trd, 001741.338, 109
Trd, 001741.463, 90
Trd, 001741.500, 133.0
Trd, 001741.675, 89
Trd, 001741.713, 100.0
Trd, 001742.825, 97
Trd, 001742.888, 94
Trd, 001743.075, 108
Trd, 001744.025, 98.0
Trd, 001744.300, 99
Trd, 001744.513, 101
Trd, 001751.125, 109
Trd, 001770.950, 74.0
Trd, 001771.000, 92.0
Trd, 001771.175, 99.0
Trd, 001771.388, 102.0
Trd, 001771.413, 84
Trd, 001771.513, 131.0
Trd, 001771.600, 122.0
Trd, 001771.738, 125
Trd, 001773.225, 125
Trd, 001779.150, 125
Trd, 001780.363, 123
Trd, 001786.263, 118.0
Trd, 001790.763, 102
Trd, 001790.813, 125
Trd, 001800.763, 103
Trd, 001801.000, 130
Trd, 001801.063, 84
Trd, 001801.113, 78
Trd, 001801.138, 98.0
Trd, 001801.538, 94.0
Trd, 001801.625, 85
Trd, 001801.763, 107
Trd, 001801.925, 100.0
Trd, 001802.413, 98
Trd, 001804.588, 104
Trd, 001807.100, 107.0
Trd, 001810.813, 114
Trd, 001813.163, 113
Trd, 001816.863, 113
Trd, 001824.225, 110
Trd, 001828.313, 102
Trd, 001831.013, 76.0
Trd, 001831.163, 119.0
Trd, 001831.188, 106
Trd, 001831.525, 125.0
Trd, 001831.575, 120
Trd, 001831.663, 115
Trd, 001831.925, 119.0
Trd, 001832.013, 144
Trd, 001832.338, 117
Trd, 001832.688, 111.0
Trd, 001833.313, 102.0
Trd, 001834.100, 116
Trd, 001834.500, 113
Trd, 001838.875, 98
Trd, 001844.238, 113
Trd, 001854.563, 122
Trd, 001861.025, 107.0
Trd, 001861.100, 72.0
Trd, 001861.188, 118.0
Trd, 001861.575, 100
Trd, 001861.725, 121.0
Trd, 001861.825, 105
Trd, 001862.400, 107
Trd, 001863.150, 103
Trd, 001865.875, 112.0
Trd, 001866.225, 109
Trd, 001867.638, 124.0
Trd, 001874.313, 128
Trd, 001875.463, 131.0
Trd, 001877.875, 111
Trd, 001881.138, 107
Trd, 001885.088, 88
Trd, 001890.875, 110
Trd, 001891.038, 76.0
Trd, 001891.138, 94.0
Trd, 001891.263, 98.0
Trd, 001891.325, 102.0
Trd, 001891.413, 108
Trd, 001891.438, 98
Trd, 001891.638, 84
Trd, 001891.850, 119.0
Trd, 001893.688, 108.0
Trd, 001894.700, 116
Trd, 001895.763, 119
Trd, 001898.475, 117
Trd, 001900.450, 116
Trd, 001905.750, 116
Trd, 001921.100, 117
Trd, 001921.450, 102.0
Trd, 001921.588, 109.0
Trd, 001921.863, 96
Trd, 001922.113, 120.0
Trd, 001922.138, 113
Trd, 001922.163, 94
Trd, 001922.938, 111
Trd, 001923.188, 114
Trd, 001923.813, 114
Trd, 001924.538, 111
Trd, 001928.050, 111
Trd, 001931.763, 123.0
Trd, 001940.150, 113
Trd, 001951.000, 150.0
Trd, 001951.225, 119.0
Trd, 001951.288, 118.0
Trd, 001951.575, 122.0
Trd, 001951.725, 99
Trd, 001952.225, 91
Trd, 001952.413, 95
Trd, 001952.688, 101.0
Trd, 001953.525, 106
Trd, 001953.600, 95
Trd, 001954.125, 99.0
Trd, 001954.800, 107.0
Trd, 001962.038, 108
Trd, 001965.238, 106
Trd, 001975.400, 85
Trd, 001981.075, 118.0
Trd, 001981.238, 117
Trd, 001981.325, 116
Trd, 001981.513, 119.0
Trd, 001981.550, 114
Trd, 001981.738, 112
Trd, 001981.775, 111.0
Trd, 001981.963, 110
Trd, 001982.075, 118
Trd, 001982.413, 132.0
Trd, 001983.663, 94.0
Trd, 001984.463, 109
Trd, 001985.088, 109
Trd, 001987.550, 84
Trd, 001989.713, 105
Trd, 002011.138, 98
Trd, 002011.150, 109.0
Trd, 002011.375, 112
Trd, 002011.488, 118.0
Trd, 002011.575, 103
Trd, 002011.713, 124.0
Trd, 002011.725, 133.0
Trd, 002011.925, 93.0
Trd, 002012.450, 104
Trd, 002012.825, 104
Trd, 002012.975, 108
Trd, 002013.938, 102
Trd, 002014.375, 101
Trd, 002015.613, 107
Trd, 002015.700, 107
Trd, 002025.625, 89
Trd, 002027.438, 89
Trd, 002039.500, 88
Trd, 002041.263, 131.0
Trd, 002041.275, 129
Trd, 002041.513, 121.0
Trd, 002041.600, 120.0
Trd, 002041.713, 114
Trd, 002041.825, 110
Trd, 002042.588, 109.0
Trd, 002043.000, 112
Trd, 002043.663, 108
Trd, 002044.563, 110.0
Trd, 002045.163, 111
Trd, 002045.200, 109
Trd, 002046.938, 119.0
Trd, 002047.938, 107
Trd, 002052.500, 88
Trd, 002060.825, 99
Trd, 002071.175, 135
Trd, 002071.250, 134
Trd, 002071.450, 120.0
Trd, 002071.738, 112.0
Trd, 002072.100, 113
Trd, 002072.138, 108
Trd, 002072.238, 120.0
Trd, 002072.450, 110
Trd, 002072.588, 104
Trd, 002072.938, 116
Trd, 002073.588, 123.0
Trd, 002075.000, 106
Trd, 002083.813, 103
Trd, 002091.138, 107
Trd, 002101.138, 76.0
Trd, 002101.275, 106
Trd, 002101.488, 107.0
Trd, 002101.500, 118.0
Trd, 002101.588, 93.0
Trd, 002101.600, 131
Trd, 002101.913, 118
Trd, 002102.100, 123.0
Trd, 002102.500, 110.0
Trd, 002103.113, 109
Trd, 002103.288, 107
Trd, 002103.713, 106
Trd, 002106.450, 107
Trd, 002107.638, 110
Trd, 002115.788, 101
Trd, 002116.950, 100
Trd, 002131.375, 93.0
Trd, 002131.488, 83
Trd, 002131.700, 114
Trd, 002131.825, 118.0
Trd, 002131.938, 111.0
Trd, 002132.525, 120.0
Trd, 002132.763, 131.0
Trd, 002133.800, 122
Trd, 002135.513, 121.0
Trd, 002137.800, 122
Trd, 002140.563, 124.0
Trd, 002143.363, 121
Trd, 002147.350, 123
Trd, 002147.475, 118
Trd, 002161.213, 64.0
Trd, 002161.538, 151.0
Trd, 002161.950, 121
Trd, 002161.963, 120.0
Trd, 002162.200, 122
Trd, 002162.300, 120.0
Trd, 002162.963, 119
Trd, 002163.038, 118
Trd, 002163.138, 111.0
Trd, 002163.713, 104
Trd, 002164.263, 125.0
Trd, 002164.863, 120.0
Trd, 002165.225, 100
Trd, 002167.475, 112
Trd, 002171.138, 112
Trd, 002187.988, 111
Trd, 002188.613, 86
Trd, 002191.313, 109
Trd, 002191.425, 110
Trd, 002191.588, 119.0
Trd, 002191.788, 111.0
Trd, 002191.950, 104
Trd, 002191.988, 120.0
Trd, 002192.063, 97.0
Trd, 002192.200, 101.0
Trd, 002192.663, 115
Trd, 002192.750, 115
Trd, 002192.800, 101
Trd, 002192.913, 107.0
Trd, 002194.438, 125.0
Trd, 002202.738, 131.0
Trd, 002203.963, 113
Trd, 002206.638, 87
Trd, 002221.325, 99.0
Trd, 002221.438, 132.0
Trd, 002221.525, 131
Trd, 002221.763, 129
Trd, 002221.850, 119.0
Trd, 002221.913, 121
Trd, 002222.025, 110.0
Trd, 002222.500, 107
Trd, 002222.663, 128
Trd, 002223.375, 121.0
Trd, 002223.775, 114
Trd, 002226.875, 86
Trd, 002227.063, 119
Trd, 002230.188, 119
Trd, 002230.375, 94
Trd, 002241.188, 103
Trd, 002251.438, 124.0
Trd, 002251.463, 113
Trd, 002251.588, 122.0
Trd, 002251.600, 107
Trd, 002251.613, 99
Trd, 002252.363, 115
Trd, 002252.563, 120.0
Trd, 002252.713, 112
Trd, 002252.925, 110
Trd, 002253.788, 111
Trd, 002254.338, 120
Trd, 002255.950, 111.0
Trd, 002256.888, 116
Trd, 002257.263, 110
Trd, 002257.475, 117
Trd, 002262.938, 89
Trd, 002263.550, 86
Trd, 002281.288, 133.0
Trd, 002281.525, 73.0
Trd, 002281.538, 74.0
Trd, 002281.700, 94.0
Trd, 002281.838, 97
Trd, 002281.863, 97.0
Trd, 002282.000, 102.0
Trd, 002282.200, 105
Trd, 002282.950, 108
Trd, 002283.488, 109.0
Trd, 002284.488, 108
Trd, 002286.550, 117
Trd, 002286.650, 109
Trd, 002287.500, 112
Trd, 002291.000, 111
Trd, 002300.750, 99
Trd, 002311.300, 108.0
Trd, 002311.350, 102
Trd, 002311.425, 110
Trd, 002311.538, 108
Trd, 002311.888, 111.0
Trd, 002312.075, 114
Trd, 002312.338, 119.0
Trd, 002312.388, 111
Trd, 002312.538, 102
Trd, 002312.775, 124.0
Trd, 002313.038, 130
Trd, 002313.350, 121.0
Trd, 002313.438, 112
Trd, 002318.725, 122
Trd, 002321.363, 92
Trd, 002333.113, 87
Trd, 002337.863, 114
Trd, 002341.350, 75.0
Trd, 002341.375, 92.0
Trd, 002341.400, 109.0
Trd, 002341.663, 82
Trd, 002341.788, 97.0
Trd, 002342.088, 102.0
Trd, 002342.338, 94
Trd, 002344.188, 110
Trd, 002345.088, 120.0
Trd, 002345.688, 123.0
Trd, 002345.875, 115
Trd, 002348.200, 121
Trd, 002349.488, 115
Trd, 002357.313, 121
Trd, 002371.525, 122
Trd, 002371.600, 131.0
Trd, 002371.738, 119.0
Trd, 002371.925, 120
Trd, 002371.988, 87
Trd, 002372.163, 73
Trd, 002372.250, 97.0
Trd, 002372.300, 114
Trd, 002372.688, 74.0
Trd, 002372.988, 103
Trd, 002373.450, 102
Trd, 002375.663, 112.0
Trd, 002386.563, 108
Trd, 002389.500, 113
Trd, 002392.688, 118.0
Trd, 002401.613, 94.0
Trd, 002401.625, 97.0
Trd, 002401.675, 118.0
Trd, 002401.888, 102.0
Trd, 002401.963, 75.0
Trd, 002402.000, 120
Trd, 002402.088, 122
Trd, 002402.288, 118
Trd, 002402.338, 101
Trd, 002403.338, 118
Trd, 002404.338, 110
Trd, 002406.950, 121
Trd, 002409.275, 111
Trd, 002413.450, 124.0
Trd, 002416.412, 98
Trd, 002422.350, 108
Trd, 002431.450, 71.0
Trd, 002431.650, 78
Trd, 002431.962, 94.0
Trd, 002432.050, 97.0
Trd, 002432.287, 100.0
Trd, 002432.437, 118.0
Trd, 002432.987, 119.0
Trd, 002433.512, 125.0
Trd, 002433.725, 123
Trd, 002434.675, 121
Trd, 002440.500, 120
Trd, 002443.450, 119
Trd, 002460.337, 111.0
Trd, 002461.700, 121.0
Trd, 002461.837, 119.0
Trd, 002462.125, 104
Trd, 002462.275, 94
Trd, 002462.337, 109.0
Trd, 002462.800, 107
Trd, 002463.212, 97
Trd, 002463.712, 118.0
Trd, 002464.400, 105
Trd, 002465.025, 112
Trd, 002465.562, 95
Trd, 002466.950, 112
Trd, 002473.850, 108
Trd, 002476.262, 109
Trd, 002481.487, 92
Trd, 002491.500, 105
Trd, 002491.575, 105
Trd, 002491.912, 121.0
Trd, 002492.250, 112.0
Trd, 002492.525, 109
Trd, 002492.537, 101
Trd, 002492.587, 125.0
Trd, 002492.787, 125
Trd, 002492.850, 106
Trd, 002492.987, 119.0
Trd, 002493.525, 119.0
Trd, 002494.075, 107.0
Trd, 002495.350, 121
Trd, 002495.875, 113
Trd, 002501.787, 118
Trd, 002506.487, 83
Trd, 002521.525, 111
Trd, 002521.550, 76
Trd, 002521.662, 65.0
Trd, 002521.750, 69.0
Trd, 002522.387, 98.0
Trd, 002522.587, 102.0
Trd, 002522.900, 93.0
Trd, 002523.137, 108.0
Trd, 002523.350, 120.0
Trd, 002523.612, 119.0
Trd, 002523.700, 102
Trd, 002526.387, 110.0
Trd, 002528.025, 109
Trd, 002530.250, 108
Trd, 002530.362, 94
Trd, 002532.687, 124.0
Trd, 002551.650, 132.0
Trd, 002551.725, 120.0
Trd, 002551.762, 147
Trd, 002552.175, 118
Trd, 002552.400, 117
Trd, 002552.575, 114
Trd, 002552.875, 114
Trd, 002553.912, 113
Trd, 002554.437, 110.0
Trd, 002554.862, 108
Trd, 002555.212, 104
Trd, 002556.150, 116
Trd, 002559.487, 120.0
Trd, 002560.187, 93
Trd, 002573.925, 104
Trd, 002581.487, 92.0
Trd, 002581.662, 150.0
Trd, 002581.875, 132.0
Trd, 002582.250, 128
Trd, 002582.300, 121
Trd, 002582.475, 120.0
Trd, 002583.137, 122.0
Trd, 002583.312, 121
Trd, 002583.612, 124.0
Trd, 002583.637, 118
Trd, 002583.887, 120
Trd, 002590.425, 120
Trd, 002611.600, 71.0
Trd, 002611.687, 92.0
Trd, 002611.725, 74.0
Trd, 002612.000, 98
Trd, 002612.462, 99.0
Trd, 002612.500, 103
Trd, 002613.250, 98
Trd, 002613.337, 87
Trd, 002613.962, 100.0
Trd, 002614.287, 105
Trd, 002614.387, 107.0
Trd, 002616.837, 101
Trd, 002620.225, 109
Trd, 002621.112, 119.0
Trd, 002637.312, 112
Trd, 002641.625, 118.0
Trd, 002641.650, 111
Trd, 002641.712, 71.0
Trd, 002642.200, 112
Trd, 002642.250, 109
Trd, 002642.262, 104
Trd, 002642.287, 95
Trd, 002643.162, 113
Trd, 002643.500, 98
Trd, 002644.325, 111
Trd, 002644.525, 118.0
Trd, 002645.875, 103
Trd, 002647.375, 103
Trd, 002671.850, 118
Trd, 002671.862, 115
Trd, 002672.012, 123.0
Trd, 002672.037, 120
Trd, 002672.050, 102
Trd, 002672.112, 105
Trd, 002672.162, 86
Trd, 002672.175, 120.0
Trd, 002672.500, 99
Trd, 002673.225, 109.0
Trd, 002674.037, 111
Trd, 002674.850, 97.0
Trd, 002674.975, 114
Trd, 002676.975, 133.0
Trd, 002683.950, 111.0
Trd, 002686.500, 94
Trd, 002689.950, 91
Trd, 002691.237, 90
Trd, 002701.712, 69.0
Trd, 002701.875, 100.0
Trd, 002701.912, 118.0
Trd, 002702.150, 92.0
Trd, 002702.187, 90
Trd, 002702.362, 98.0
Trd, 002702.375, 85
Trd, 002702.762, 127
Trd, 002703.950, 112.0
Trd, 002704.900, 122
Trd, 002708.637, 123.0
Trd, 002711.087, 120
Trd, 002714.162, 123
Trd, 002714.200, 118
Trd, 002728.787, 103
Trd, 002731.750, 106
Trd, 002731.837, 109.0
Trd, 002731.850, 100
Trd, 002731.900, 92.0
Trd, 002731.925, 70.0
Trd, 002732.012, 120.0
Trd, 002732.200, 109
Trd, 002732.387, 101
Trd, 002732.450, 125.0
Trd, 002732.825, 132.0
Trd, 002733.200, 92
Trd, 002734.062, 110
Trd, 002735.575, 113
Trd, 002737.462, 110.0
Trd, 002738.175, 104
Trd, 002751.087, 119.0
Trd, 002753.725, 88
Trd, 002761.862, 91
Trd, 002761.987, 93.0
Trd, 002762.050, 98.0
Trd, 002762.112, 88
Trd, 002762.250, 75.0
Trd, 002762.512, 106
Trd, 002762.525, 107
Trd, 002762.575, 107.0
Trd, 002763.412, 102.0
Trd, 002763.487, 107
Trd, 002763.937, 95
Trd, 002765.912, 104
Trd, 002768.462, 106
Trd, 002770.400, 119.0
Trd, 002774.012, 109
Trd, 002774.162, 78
Trd, 002791.700, 121
Trd, 002791.812, 75.0
Trd, 002792.025, 93.0
Trd, 002792.075, 97.0
Trd, 002792.212, 124.0
Trd, 002792.362, 96
Trd, 002792.637, 94
Trd, 002792.775, 107.0
Trd, 002792.912, 104
Trd, 002793.237, 98
Trd, 002793.587, 102.0
Trd, 002793.750, 103
Trd, 002796.187, 104
Trd, 002804.187, 99
Trd, 002805.500, 98
Trd, 002821.750, 122.0
Trd, 002821.962, 120
Trd, 002822.187, 124.0
Trd, 002822.237, 121
Trd, 002822.300, 120.0
Trd, 002822.325, 119
Trd, 002822.462, 118
Trd, 002822.650, 99.0
Trd, 002822.837, 96
Trd, 002823.050, 105
Trd, 002823.650, 115
Trd, 002823.750, 99
Trd, 002823.962, 109
Trd, 002828.550, 113
Trd, 002830.125, 111
Trd, 002851.875, 99.0
Trd, 002851.925, 92.0
Trd, 002852.062, 104
Trd, 002852.175, 124.0
Trd, 002853.112, 111.0
Trd, 002853.350, 133.0
Trd, 002853.412, 119.0
Trd, 002854.675, 122.0
Trd, 002854.687, 114
Trd, 002856.700, 119
Trd, 002856.775, 92
Trd, 002865.975, 101
Trd, 002868.400, 116
Trd, 002878.312, 103
Trd, 002881.812, 118
Trd, 002881.850, 100.0
Trd, 002881.950, 75.0
Trd, 002881.962, 72.0
Trd, 002882.125, 93.0
Trd, 002882.150, 100
Trd, 002882.512, 120.0
Trd, 002882.800, 111
Trd, 002883.050, 108.0
Trd, 002883.337, 98
Trd, 002883.462, 112
Trd, 002885.425, 112
Trd, 002887.775, 112
Trd, 002890.000, 113
Trd, 002906.737, 114
Trd, 002911.787, 74.0
Trd, 002912.000, 120.0
Trd, 002912.200, 112.0
Trd, 002912.225, 112
Trd, 002912.375, 122.0
Trd, 002912.450, 120.0
Trd, 002912.487, 109
Trd, 002912.525, 95
Trd, 002912.650, 123.0
Trd, 002918.675, 120
Trd, 002919.075, 112
Trd, 002921.725, 132.0
Trd, 002926.350, 90
Trd, 002937.300, 93
Trd, 002937.337, 106
Trd, 002939.362, 109
Trd, 002941.887, 71.0
Trd, 002942.012, 94.0
Trd, 002942.125, 99.0
Trd, 002942.250, 107.0
Trd, 002942.350, 119.0
Trd, 002943.250, 122.0
Trd, 002943.412, 115
Trd, 002943.550, 113
Trd, 002944.837, 115
Trd, 002948.412, 125.0
Trd, 002952.037, 125
Trd, 002952.862, 115
Trd, 002962.612, 116
Trd, 002964.837, 90
Trd, 002971.862, 71.0
Trd, 002972.037, 74.0
Trd, 002972.075, 92.0
Trd, 002972.125, 116
Trd, 002972.387, 151.0
Trd, 002972.500, 143
Trd, 002972.637, 131.0
Trd, 002972.700, 125
Trd, 002973.087, 120.0
Trd, 002973.887, 122
Trd, 002974.037, 119.0
Trd, 002974.475, 110.0
Trd, 002974.575, 89
Trd, 002983.525, 103
Trd, 002983.700, 105
Trd, 002989.312, 105
Trd, 002999.275, 87
Trd, 003001.950, 151.0
Trd, 003002.000, 140
Trd, 003002.162, 140
Trd, 003002.187, 119.0
Trd, 003002.237, 133.0
Trd, 003002.425, 100.0
Trd, 003002.462, 72.0
Trd, 003002.625, 108.0
Trd, 003002.912, 108
Trd, 003003.950, 112.0
Trd, 003004.725, 103
Trd, 003004.837, 104
Trd, 003005.412, 105
Trd, 003008.200, 111
Trd, 003017.075, 112
Trd, 003019.975, 88
Trd, 003031.975, 106
Trd, 003032.075, 106
Trd, 003032.125, 98.0
Trd, 003032.450, 76
Trd, 003032.525, 91
Trd, 003032.550, 87
Trd, 003032.562, 108.0
Trd, 003032.650, 110.0
Trd, 003033.025, 112
Trd, 003033.050, 118.0
Trd, 003033.212, 104
Trd, 003033.412, 123.0
Trd, 003033.737, 131.0
Trd, 003035.400, 122
Trd, 003038.312, 93
Trd, 003043.125, 88
Trd, 003061.937, 65.0
Trd, 003062.050, 101
Trd, 003062.087, 98.0
Trd, 003062.100, 124.0
Trd, 003062.300, 122.0
Trd, 003062.350, 110.0
Trd, 003062.687, 106
Trd, 003063.125, 116
Trd, 003063.525, 111
Trd, 003064.087, 109.0
Trd, 003064.225, 90
Trd, 003066.975, 103
Trd, 003068.512, 104
Trd, 003070.700, 133.0
Trd, 003075.275, 85
Trd, 003081.650, 122
Trd, 003091.937, 85
Trd, 003092.012, 105
Trd, 003092.075, 105
Trd, 003092.200, 118.0
Trd, 003092.262, 92
Trd, 003092.312, 100.0
Trd, 003092.437, 70.0
Trd, 003092.625, 119.0
Trd, 003093.262, 110
Trd, 003094.050, 107.0
Trd, 003094.800, 111
Trd, 003095.787, 125.0
Trd, 003099.750, 116
Trd, 003108.712, 121
Trd, 003113.050, 120
Trd, 003122.050, 97.0
Trd, 003122.125, 72.0
Trd, 003122.325, 90
Trd, 003122.337, 100.0
Trd, 003122.425, 107
Trd, 003122.550, 107.0
Trd, 003122.875, 112.0
Trd, 003123.037, 113
Trd, 003123.225, 112
Trd, 003123.300, 101
Trd, 003123.537, 120.0
Trd, 003124.250, 124.0
Trd, 003126.300, 107
Trd, 003129.512, 116
Trd, 003130.925, 88
Trd, 003144.487, 120
Trd, 003150.437, 96
Trd, 003151.950, 69.0
Trd, 003152.187, 121.0
Trd, 003152.200, 118.0
Trd, 003152.262, 82
Trd, 003152.450, 93.0
Trd, 003152.662, 112.0
Trd, 003152.675, 125.0
Trd, 003153.025, 121
Trd, 003153.225, 121
Trd, 003153.462, 131.0
Trd, 003153.750, 104
Trd, 003155.762, 105
Trd, 003158.300, 106
Trd, 003158.637, 107.0
Trd, 003160.412, 85
Trd, 003162.000, 90
Trd, 003182.000, 125
Trd, 003182.100, 133.0
Trd, 003182.212, 111.0
Trd, 003182.412, 109
Trd, 003182.425, 118
Trd, 003182.975, 108.0
Trd, 003183.225, 110
Trd, 003183.362, 98
Trd, 003184.262, 96
Trd, 003184.600, 95
Trd, 003185.412, 95
Trd, 003187.100, 120.0
Trd, 003194.550, 111
Trd, 003202.737, 114
Trd, 003212.275, 90
Trd, 003212.362, 102.0
Trd, 003212.625, 85
Trd, 003212.687, 98
Trd, 003212.725, 90
Trd, 003213.125, 102
Trd, 003213.325, 94.0
Trd, 003213.587, 120.0
Trd, 003213.875, 118.0
Trd, 003213.925, 114
Trd, 003213.950, 100
Trd, 003214.337, 105
Trd, 003214.887, 99
Trd, 003215.462, 121
Trd, 003222.362, 121.0
Trd, 003232.312, 125.0
Trd, 003238.212, 86
Trd, 003242.162, 119
Trd, 003242.237, 112.0
Trd, 003242.300, 107
Trd, 003242.337, 80
Trd, 003242.537, 108.0
Trd, 003242.937, 96
Trd, 003243.050, 101.0
Trd, 003243.362, 105
Trd, 003243.612, 108
Trd, 003244.162, 108
Trd, 003244.212, 86
Trd, 003245.250, 99
Trd, 003249.137, 113
Trd, 003260.625, 118.0
Trd, 003261.262, 124.0
Trd, 003272.175, 71.0
Trd, 003272.200, 74.0
Trd, 003272.312, 69.0
Trd, 003272.350, 97.0
Trd, 003272.362, 87
Trd, 003272.637, 101
Trd, 003272.825, 101.0
Trd, 003273.050, 115
Trd, 003273.537, 110.0
Trd, 003274.150, 113
Trd, 003275.200, 109.0
Trd, 003288.612, 110
Trd, 003291.250, 108
Trd, 003292.387, 108
Trd, 003302.075, 70.0
Trd, 003302.362, 131.0
Trd, 003302.650, 120.0
Trd, 003303.037, 120.0
Trd, 003303.187, 86
Trd, 003303.675, 121
Trd, 003303.750, 103
Trd, 003304.100, 109
Trd, 003304.825, 111
Trd, 003305.362, 111.0
Trd, 003305.825, 110
Trd, 003313.200, 125.0
Trd, 003323.275, 87
Trd, 003323.362, 109
Trd, 003330.225, 104
Trd, 003332.225, 65.0
Trd, 003332.300, 70.0
Trd, 003332.562, 100.0
Trd, 003332.850, 149.0
Trd, 003333.012, 121.0
Trd, 003333.550, 126
Trd, 003334.037, 129
Trd, 003334.425, 128
Trd, 003334.575, 119.0
Trd, 003335.150, 126
Trd, 003335.200, 110.0
Trd, 003336.387, 129
Trd, 003339.225, 118
Trd, 003340.050, 117
Trd, 003341.825, 85
Trd, 003359.225, 105
Trd, 003360.062, 105
Trd, 003362.262, 119.0
Trd, 003362.412, 107
Trd, 003362.512, 112.0
Trd, 003362.587, 151.0
Trd, 003362.700, 122
Trd, 003362.787, 121.0
Trd, 003363.300, 105
Trd, 003364.162, 123
Trd, 003364.350, 118.0
Trd, 003364.637, 123
Trd, 003364.787, 117
Trd, 003365.475, 123
Trd, 003366.612, 96
Trd, 003381.262, 92
Trd, 003392.212, 103
Trd, 003392.250, 70.0
Trd, 003392.387, 101.0
Trd, 003392.850, 99.0
Trd, 003393.275, 98
Trd, 003393.500, 96
Trd, 003393.700, 104
Trd, 003393.887, 106
Trd, 003394.312, 93.0
Trd, 003394.387, 109.0
Trd, 003395.487, 118.0
Trd, 003396.225, 112
Trd, 003403.362, 116
Trd, 003408.112, 116
Trd, 003410.087, 110
Trd, 003422.450, 113
Trd, 003422.562, 113
Trd, 003422.637, 117
Trd, 003422.800, 131.0
Trd, 003422.912, 119.0
Trd, 003423.037, 111.0
Trd, 003423.325, 102.0
Trd, 003423.387, 93.0
Trd, 003423.525, 109.0
Trd, 003423.612, 84
Trd, 003423.712, 147
Trd, 003426.725, 113
Trd, 003431.625, 84
Trd, 003438.637, 123.0
Trd, 003439.775, 87
Trd, 003443.300, 81
Trd, 003452.250, 106
Trd, 003452.300, 69.0
Trd, 003452.337, 64.0
Trd, 003452.700, 123.0
Trd, 003452.837, 150.0
Trd, 003452.875, 118.0
Trd, 003453.512, 97.0
Trd, 003453.562, 96
Trd, 003453.862, 108.0
Trd, 003454.375, 107
Trd, 003454.450, 106
Trd, 003457.300, 115
Trd, 003468.475, 112.0
Trd, 003481.737, 103
Trd, 003482.312, 74.0
Trd, 003482.375, 122.0
Trd, 003482.637, 110.0
Trd, 003482.862, 115
Trd, 003483.212, 95
Trd, 003483.600, 102.0
Trd, 003483.812, 107.0
Trd, 003484.425, 103
Trd, 003484.987, 119.0
Trd, 003486.075, 111
Trd, 003487.875, 112
Trd, 003488.375, 112
Trd, 003489.925, 109
Trd, 003492.850, 118
Trd, 003496.887, 116
Trd, 003512.650, 92.0
Trd, 003512.812, 108
Trd, 003512.900, 110
Trd, 003512.975, 107
Trd, 003513.362, 130
Trd, 003513.375, 107
Trd, 003513.525, 126
Trd, 003513.750, 120
Trd, 003514.012, 122.0
Trd, 003514.087, 129
Trd, 003514.525, 111.0
Trd, 003515.075, 115
Trd, 003517.212, 88
Trd, 003519.187, 112
Trd, 003526.675, 100
Trd, 003532.625, 103
Trd, 003541.075, 90
Trd, 003542.412, 151.0
Trd, 003542.462, 131.0
Trd, 003542.512, 121.0
Trd, 003542.900, 100.0
Trd, 003543.262, 120
Trd, 003543.725, 119.0
Trd, 003544.225, 95
Trd, 003545.537, 102
Trd, 003546.175, 114
Trd, 003548.337, 110
Trd, 003549.162, 108
Trd, 003551.912, 107
Trd, 003553.237, 113
Trd, 003561.462, 114
Trd, 003572.437, 112.0
Trd, 003572.725, 132.0
Trd, 003572.775, 123
Trd, 003572.800, 110
Trd, 003572.887, 124.0
Trd, 003572.925, 111
Trd, 003573.400, 87
Trd, 003573.462, 107.0
Trd, 003573.550, 102
Trd, 003573.562, 112
Trd, 003574.100, 82
Trd, 003575.375, 105
Trd, 003576.562, 95
Trd, 003577.500, 107
Trd, 003584.900, 109
Trd, 003588.475, 91
Trd, 003602.562, 97.0
Trd, 003602.600, 78
Trd, 003602.662, 109.0
Trd, 003602.912, 112
Trd, 003603.100, 118.0
Trd, 003603.262, 120.0
Trd, 003603.675, 117
Trd, 003603.987, 121.0
Trd, 003604.350, 117
Trd, 003605.037, 119
Trd, 003605.075, 124.0
Trd, 003606.725, 120
Trd, 003610.112, 112
Trd, 003627.650, 110.0
Trd, 003632.375, 109.0
Trd, 003632.575, 119.0
Trd, 003632.650, 125.0
Trd, 003632.762, 116
Trd, 003632.775, 76
Trd, 003632.962, 113
Trd, 003633.062, 93.0
Trd, 003633.350, 75
Trd, 003633.437, 103
Trd, 003633.650, 89
Trd, 003633.775, 100.0
Trd, 003634.012, 87
Trd, 003635.437, 96
Trd, 003636.675, 105
Trd, 003637.700, 119.0
Trd, 003662.425, 110.0
Trd, 003662.500, 116
Trd, 003662.650, 110
Trd, 003662.862, 118.0
Trd, 003663.225, 123.0
Trd, 003663.312, 115
Trd, 003663.612, 112
Trd, 003663.737, 76.0
Trd, 003664.412, 115
Trd, 003666.062, 112
Trd, 003666.475, 102
Trd, 003667.025, 117
Trd, 003670.912, 75
Trd, 003672.412, 107
Trd, 003684.000, 113
Trd, 003692.450, 107
Trd, 003692.587, 110
Trd, 003692.600, 110.0
Trd, 003692.662, 118.0
Trd, 003692.775, 125.0
Trd, 003692.862, 108
Trd, 003693.025, 109.0
Trd, 003693.137, 98
Trd, 003693.150, 87
Trd, 003693.550, 112
Trd, 003693.925, 99
Trd, 003694.612, 112
Trd, 003697.387, 110
Trd, 003699.412, 109
Trd, 003700.987, 127
Trd, 003720.100, 113
Trd, 003722.437, 149.0
Trd, 003722.637, 100.0
Trd, 003722.862, 99.0
Trd, 003722.925, 98
Trd, 003723.287, 119.0
Trd, 003723.750, 116
Trd, 003724.187, 114
Trd, 003725.562, 113
Trd, 003729.325, 112
Trd, 003729.850, 119.0
Trd, 003732.262, 125.0
Trd, 003738.037, 115
Trd, 003738.950, 112.0
Trd, 003743.137, 116
Trd, 003748.000, 87
Trd, 003752.475, 109
Trd, 003752.512, 122.0
Trd, 003752.537, 100
Trd, 003752.562, 91
Trd, 003752.637, 149.0
Trd, 003752.725, 101.0
Trd, 003752.887, 138
Trd, 003752.925, 133.0
Trd, 003753.037, 119.0
Trd, 003753.737, 122
Trd, 003754.137, 121
Trd, 003755.450, 120
Trd, 003756.162, 116
Trd, 003757.225, 119.0
Trd, 003757.987, 111
Trd, 003758.050, 106
Trd, 003782.550, 100.0
Trd, 003782.562, 97
Trd, 003782.637, 119.0
Trd, 003782.700, 102
Trd, 003782.775, 107.0
Trd, 003782.862, 67
Trd, 003783.212, 70.0
Trd, 003783.762, 112
Trd, 003784.137, 120.0
Trd, 003784.250, 103
Trd, 003787.475, 113
Trd, 003788.350, 125.0
Trd, 003790.112, 126
Trd, 003796.725, 123
Trd, 003805.775, 82
Trd, 003811.887, 98
Trd, 003812.575, 131.0
Trd, 003812.650, 110
Trd, 003812.800, 117
Trd, 003812.962, 124
Trd, 003813.075, 119.0
Trd, 003813.087, 115
Trd, 003813.250, 111.0
Trd, 003813.400, 107
Trd, 003813.562, 98.0
Trd, 003813.662, 84
Trd, 003813.737, 112
Trd, 003814.100, 79
Trd, 003819.512, 110
Trd, 003822.800, 121
Trd, 003823.050, 112
Trd, 003827.325, 89
Trd, 003830.700, 125.0
Trd, 003842.550, 98.0
Trd, 003842.625, 104
Trd, 003842.887, 133
Trd, 003843.125, 131
Trd, 003843.150, 122.0
Trd, 003843.400, 120.0
Trd, 003843.537, 112.0
Trd, 003843.637, 124.0
Trd, 003844.462, 93
Trd, 003845.450, 126
Trd, 003849.500, 131.0
Trd, 003849.950, 125
Trd, 003853.750, 115
Trd, 003869.587, 87
Trd, 003872.700, 75.0
Trd, 003872.837, 121.0
Trd, 003872.937, 118.0
Trd, 003872.987, 144
Trd, 003873.125, 91
Trd, 003873.687, 125.0
Trd, 003873.812, 123
Trd, 003873.875, 119.0
Trd, 003874.075, 119
Trd, 003875.150, 119
Trd, 003875.687, 119
Trd, 003876.150, 116
Trd, 003877.137, 111.0
Trd, 003878.425, 89
Trd, 003880.987, 107
Trd, 003881.912, 108
Trd, 003885.600, 93
Trd, 003887.812, 85
Trd, 003902.725, 70.0
Trd, 003902.762, 108
Trd, 003902.937, 112.0
Trd, 003903.050, 119.0
Trd, 003903.300, 111
Trd, 003903.450, 110
Trd, 003903.487, 107
Trd, 003903.500, 106
Trd, 003903.925, 111
Trd, 003904.262, 104
Trd, 003904.375, 100
Trd, 003904.562, 115
Trd, 003904.875, 112
Trd, 003907.475, 90
Trd, 003910.212, 124.0
Trd, 003932.775, 107.0
Trd, 003932.875, 110
Trd, 003932.950, 119.0
Trd, 003933.175, 111
Trd, 003933.287, 120.0
Trd, 003933.687, 116
Trd, 003933.950, 118.0
Trd, 003934.000, 116
Trd, 003934.350, 114
Trd, 003936.862, 117
Trd, 003937.325, 125.0
Trd, 003939.037, 110.0
Trd, 003944.512, 114
Trd, 003952.200, 106
Trd, 003962.800, 119.0
Trd, 003962.850, 113
Trd, 003962.937, 133.0
Trd, 003963.137, 137
Trd, 003963.250, 135
Trd, 003963.450, 121
Trd, 003963.612, 119.0
Trd, 003963.700, 112.0
Trd, 003963.737, 112
Trd, 003964.262, 102
Trd, 003965.475, 124.0
Trd, 003966.062, 122.0
Trd, 003968.062, 95
Trd, 003969.837, 113
Trd, 003971.525, 86
Trd, 003972.575, 113
Trd, 003988.575, 106
Trd, 003992.775, 133.0
Trd, 003992.800, 122.0
Trd, 003992.937, 119.0
Trd, 003993.075, 112.0
Trd, 003993.462, 96
Trd, 003993.900, 94.0
Trd, 003994.062, 102.0
Trd, 003994.137, 103
Trd, 003994.300, 106
Trd, 003994.750, 119.0
Trd, 003995.587, 109
Trd, 003996.737, 109
Trd, 003997.900, 109
Trd, 003998.837, 120
Trd, 004013.100, 89
Trd, 004022.850, 110
Trd, 004022.862, 123.0
Trd, 004022.987, 121.0
Trd, 004023.137, 117
Trd, 004023.175, 110.0
Trd, 004023.300, 102
Trd, 004023.625, 123
Trd, 004024.362, 97.0
Trd, 004024.400, 109.0
Trd, 004024.837, 90
Trd, 004024.912, 106
Trd, 004026.500, 105
Trd, 004031.075, 103
Trd, 004032.637, 107
Trd, 004049.100, 125
Trd, 004052.800, 133.0
Trd, 004053.050, 123
Trd, 004053.475, 104
Trd, 004053.825, 109.0
Trd, 004053.937, 116
Trd, 004054.150, 111
Trd, 004054.437, 108
Trd, 004054.550, 118.0
Trd, 004054.662, 120
Trd, 004054.700, 106
Trd, 004056.775, 93.0
Trd, 004057.000, 115
Trd, 004057.437, 114
Trd, 004057.750, 123.0
Trd, 004067.925, 101
Trd, 004082.775, 98.0
Trd, 004083.012, 106
Trd, 004083.062, 102
Trd, 004083.125, 93
Trd, 004083.162, 119.0
Trd, 004083.375, 88
Trd, 004083.387, 132.0
Trd, 004083.625, 109.0
Trd, 004084.087, 149.0
Trd, 004084.750, 123.0
Trd, 004084.825, 75.0
Trd, 004086.375, 105
Trd, 004088.550, 98
Trd, 004090.112, 96
Trd, 004092.250, 104
Trd, 004098.300, 108
Trd, 004113.050, 86
Trd, 004113.125, 99.0
Trd, 004113.137, 85
Trd, 004113.212, 73.0
Trd, 004113.350, 100.0
Trd, 004113.725, 102
Trd, 004114.175, 94.0
Trd, 004114.287, 102
Trd, 004114.525, 108
Trd, 004115.037, 95
Trd, 004115.612, 109.0
Trd, 004117.837, 104
Trd, 004119.562, 120.0
Trd, 004119.937, 105
Trd, 004133.350, 120
Trd, 004135.537, 114
Trd, 004142.800, 120.0
Trd, 004142.900, 116
Trd, 004142.925, 87
Trd, 004143.050, 119
Trd, 004143.400, 94.0
Trd, 004143.450, 101.0
Trd, 004143.650, 102
Trd, 004143.700, 104
Trd, 004143.925, 99
Trd, 004144.787, 104
Trd, 004145.025, 109.0
Trd, 004145.750, 124.0
Trd, 004147.700, 121
Trd, 004148.787, 108
Trd, 004155.037, 105
Trd, 004158.262, 92
Trd, 004159.662, 85
Trd, 004173.050, 119.0
Trd, 004173.100, 109
Trd, 004173.112, 108
Trd, 004173.187, 139
Trd, 004173.450, 132.0
Trd, 004173.525, 130
Trd, 004173.700, 110.0
Trd, 004173.925, 129
Trd, 004174.175, 128
Trd, 004174.387, 123
Trd, 004174.437, 118.0
Trd, 004176.075, 115
Trd, 004188.887, 111
Trd, 004198.100, 116
Trd, 004202.987, 115
Trd, 004203.087, 117
Trd, 004203.112, 143
Trd, 004203.375, 114
Trd, 004203.437, 103
Trd, 004203.512, 85
Trd, 004203.875, 117
Trd, 004203.887, 118
Trd, 004204.912, 110.0
Trd, 004205.300, 114
Trd, 004206.137, 119.0
Trd, 004207.525, 111
Trd, 004209.675, 112
Trd, 004226.900, 120.0
Trd, 004229.187, 124.0
Trd, 004233.012, 131.0
Trd, 004233.175, 120.0
Trd, 004233.412, 132.0
Trd, 004233.425, 121
Trd, 004233.562, 120
Trd, 004233.737, 122.0
Trd, 004234.112, 118
Trd, 004234.412, 119.0
Trd, 004234.525, 110.0
Trd, 004235.087, 118
Trd, 004237.762, 116
Trd, 004237.850, 114
Trd, 004239.562, 109
Trd, 004246.537, 100
Trd, 004250.912, 88
Trd, 004263.000, 139
Trd, 004263.150, 133.0
Trd, 004263.225, 120.0
Trd, 004263.412, 116
Trd, 004263.600, 119.0
Trd, 004263.937, 108.0
Trd, 004264.200, 97.0
Trd, 004264.225, 91
Trd, 004266.662, 93.0
Trd, 004268.000, 101.0
Trd, 004268.837, 105
Trd, 004270.425, 125.0
Trd, 004281.062, 121
Trd, 004284.337, 122
Trd, 004286.537, 122
Trd, 004286.762, 113
Trd, 004293.262, 116
Trd, 004293.375, 94.0
Trd, 004293.487, 111
Trd, 004293.562, 131.0
Trd, 004293.625, 110.0
Trd, 004293.862, 117
Trd, 004294.100, 120.0
Trd, 004294.125, 123.0
Trd, 004294.250, 75.0
Trd, 004294.500, 74.0
Trd, 004295.625, 100
Trd, 004296.075, 107.0
Trd, 004297.362, 97.0
Trd, 004298.050, 109
Trd, 004302.237, 117
Trd, 004302.612, 123
Trd, 004307.100, 90
Trd, 004312.150, 87
Trd, 004313.450, 74.0
Trd, 004317.075, 105
Trd, 004323.237, 112
Trd, 004323.275, 116
Trd, 004323.400, 111.0
Trd, 004323.637, 108
Trd, 004323.650, 109.0
Trd, 004323.737, 76.0
Trd, 004323.837, 80
Trd, 004323.987, 120.0
Trd, 004324.412, 93
Trd, 004324.962, 92
Trd, 004325.562, 92
Trd, 004326.600, 100.0
Trd, 004327.187, 97
Trd, 004329.862, 99.0
Trd, 004334.687, 118
Trd, 004353.000, 150.0
Trd, 004353.100, 125
Trd, 004353.175, 66.0
Trd, 004353.437, 119.0
Trd, 004353.537, 118.0
Trd, 004353.675, 97.0
Trd, 004354.300, 94.0
Trd, 004354.312, 94
Trd, 004354.462, 100.0
Trd, 004355.050, 96
Trd, 004355.850, 105
Trd, 004357.087, 106
Trd, 004358.250, 104
Trd, 004363.387, 114
Trd, 004382.987, 75.0
Trd, 004383.075, 113
Trd, 004383.200, 71.0
Trd, 004383.237, 69.0
Trd, 004383.775, 120.0
Trd, 004384.237, 124.0
Trd, 004384.250, 116
Trd, 004384.362, 110.0
Trd, 004385.137, 129
Trd, 004388.650, 122
Trd, 004389.737, 121
Trd, 004392.662, 121
Trd, 004393.300, 120
Trd, 004405.550, 118.0
Trd, 004410.062, 125
Trd, 004411.887, 89
Trd, 004413.112, 110
Trd, 004413.162, 71.0
Trd, 004413.262, 121.0
Trd, 004413.300, 99.0
Trd, 004413.550, 102
Trd, 004413.662, 105
Trd, 004414.125, 102
Trd, 004415.400, 103
Trd, 004415.950, 104
Trd, 004416.675, 105
Trd, 004416.725, 108.0
Trd, 004417.625, 109
Trd, 004418.087, 109
Trd, 004418.962, 100
Trd, 004430.537, 119.0
Trd, 004431.287, 102
Trd, 004433.012, 86
Trd, 004443.175, 112.0
Trd, 004443.212, 148
Trd, 004443.362, 128
Trd, 004443.400, 123
Trd, 004443.437, 120.0
Trd, 004443.725, 125
Trd, 004444.062, 121
Trd, 004444.162, 120
Trd, 004444.575, 109.0
Trd, 004444.812, 93.0
Trd, 004445.312, 113
Trd, 004445.612, 90
Trd, 004449.275, 86
Trd, 004454.012, 111
Trd, 004458.262, 110
Trd, 004473.150, 111
Trd, 004473.362, 99.0
Trd, 004473.450, 102
Trd, 004473.550, 93.0
Trd, 004473.612, 89
Trd, 004473.987, 100.0
Trd, 004474.237, 106
Trd, 004474.962, 102
Trd, 004474.975, 109.0
Trd, 004475.437, 96
Trd, 004475.762, 107
Trd, 004478.575, 120.0
Trd, 004479.125, 104
Trd, 004479.362, 104
Trd, 004480.087, 124.0
Trd, 004483.350, 121
Trd, 004503.150, 100
Trd, 004503.162, 78
Trd, 004503.237, 102.0
Trd, 004503.250, 73.0
Trd, 004503.350, 109.0
Trd, 004503.550, 78
Trd, 004504.025, 118.0
Trd, 004504.187, 101
Trd, 004504.487, 118.0
Trd, 004504.987, 124.0
Trd, 004505.225, 121.0
Trd, 004506.187, 122
Trd, 004506.312, 124
Trd, 004506.550, 116
Trd, 004509.037, 91
Trd, 004517.875, 110
Trd, 004524.325, 108
Trd, 004533.162, 109
Trd, 004533.562, 112
Trd, 004533.600, 112
Trd, 004533.812, 110.0
Trd, 004533.987, 88
Trd, 004534.362, 93.0
Trd, 004534.462, 106
Trd, 004534.500, 119.0
Trd, 004535.075, 101.0
Trd, 004535.512, 103
Trd, 004536.275, 124
Trd, 004538.162, 114
Trd, 004542.875, 125.0
Trd, 004544.725, 115
Trd, 004552.537, 87
Trd, 004561.650, 107
Trd, 004563.150, 109
Trd, 004563.325, 109
Trd, 004563.375, 108
Trd, 004563.950, 75.0
Trd, 004564.000, 74.0
Trd, 004564.125, 94.0
Trd, 004564.987, 105
Trd, 004565.162, 107.0
Trd, 004565.225, 100
Trd, 004566.800, 103
Trd, 004566.912, 107
Trd, 004567.175, 119.0
Trd, 004567.250, 125.0
Trd, 004578.712, 117
Trd, 004581.075, 101
Trd, 004593.262, 131.0
Trd, 004593.312, 118.0
Trd, 004593.525, 114
Trd, 004593.600, 78
Trd, 004593.862, 98.0
Trd, 004594.212, 78
Trd, 004594.450, 103
Trd, 004594.912, 102.0
Trd, 004595.187, 92
Trd, 004595.600, 109
Trd, 004596.437, 107
Trd, 004598.650, 110
Trd, 004601.375, 103
Trd, 004603.412, 109
Trd, 004609.362, 108
Trd, 004612.200, 107
Trd, 004612.325, 86
Trd, 004623.287, 132.0
Trd, 004623.437, 108
Trd, 004623.587, 102
Trd, 004624.050, 118
Trd, 004624.500, 112
Trd, 004624.637, 111.0
Trd, 004624.675, 108
Trd, 004625.012, 116
Trd, 004625.875, 109
Trd, 004625.887, 116
Trd, 004626.712, 119.0
Trd, 004628.462, 116
Trd, 004629.150, 123.0
Trd, 004632.875, 114
Trd, 004638.000, 113
Trd, 004653.450, 117
Trd, 004653.562, 116
Trd, 004653.700, 115
Trd, 004653.737, 91
Trd, 004653.950, 98.0
Trd, 004654.075, 80
Trd, 004654.375, 107.0
Trd, 004654.700, 100
Trd, 004654.937, 109
Trd, 004655.025, 120.0
Trd, 004656.162, 125.0
Trd, 004660.362, 118.0
Trd, 004661.525, 117
Trd, 004665.475, 116
Trd, 004665.762, 120
Trd, 004666.725, 112.0
Trd, 004683.387, 118
Trd, 004683.437, 118
Trd, 004683.600, 119.0
Trd, 004683.825, 119
Trd, 004683.850, 118
Trd, 004684.062, 124.0
Trd, 004684.137, 118.0
Trd, 004684.187, 115
Trd, 004684.537, 133.0
Trd, 004684.887, 116
Trd, 004684.912, 115
Trd, 004685.250, 112.0
Trd, 004686.700, 97.0
Trd, 004694.475, 95
Trd, 004705.837, 97
Trd, 004713.437, 106
Trd, 004713.612, 102
Trd, 004714.175, 125.0
Trd, 004714.350, 111.0
Trd, 004714.387, 110
Trd, 004714.475, 119.0
Trd, 004714.787, 106
Trd, 004714.837, 101
Trd, 004715.087, 120.0
Trd, 004715.287, 132.0
Trd, 004716.737, 101.0
Trd, 004716.900, 118
Trd, 004717.062, 87
Trd, 004721.675, 106
Trd, 004735.300, 107
Trd, 004739.075, 106
Trd, 004743.362, 108
Trd, 004743.500, 124
Trd, 004743.525, 106
Trd, 004743.687, 100.0
Trd, 004743.850, 91
Trd, 004744.175, 93.0
Trd, 004744.862, 97.0
Trd, 004745.450, 99
Trd, 004745.525, 103
Trd, 004745.662, 107.0
Trd, 004745.700, 118.0
Trd, 004746.350, 117
Trd, 004748.275, 114
Trd, 004748.950, 109
Trd, 004752.312, 103
Trd, 004755.587, 98
Trd, 004763.675, 85
Trd, 004773.425, 118.0
Trd, 004773.750, 98.0
Trd, 004773.987, 72.0
Trd, 004774.162, 87
Trd, 004774.212, 93.0
Trd, 004774.275, 108.0
Trd, 004774.337, 104
Trd, 004774.350, 119.0
Trd, 004777.250, 100.0
Trd, 004777.600, 101
Trd, 004780.662, 107
Trd, 004783.862, 102
Trd, 004785.812, 115
Trd, 004786.912, 115
Trd, 004797.237, 114
Trd, 004797.825, 113
Trd, 004803.487, 113
Trd, 004803.512, 112.0
Trd, 004803.562, 100.0
Trd, 004803.600, 92.0
Trd, 004803.687, 87
Trd, 004803.937, 125.0
Trd, 004804.125, 120
Trd, 004804.150, 87
Trd, 004805.525, 101
Trd, 004805.750, 101
Trd, 004806.750, 113
Trd, 004807.537, 99.0
Trd, 004807.600, 102
Trd, 004810.537, 95
Trd, 004829.662, 100
Trd, 004833.412, 112
Trd, 004833.525, 98
Trd, 004833.662, 109
Trd, 004833.737, 119.0
Trd, 004833.775, 107
Trd, 004833.887, 107
Trd, 004834.050, 86
Trd, 004834.400, 109.0
Trd, 004834.587, 110
Trd, 004834.675, 94
Trd, 004834.737, 125.0
Trd, 004835.737, 104
Trd, 004837.050, 127
Trd, 004837.887, 125
Trd, 004841.500, 121
Trd, 004861.225, 88
Trd, 004863.462, 133.0
Trd, 004863.625, 110.0
Trd, 004863.737, 118.0
Trd, 004863.962, 120
Trd, 004864.100, 99
Trd, 004864.237, 92
Trd, 004864.512, 100.0
Trd, 004864.775, 94
Trd, 004864.787, 86
Trd, 004864.975, 108
Trd, 004866.137, 94
Trd, 004867.137, 89
Trd, 004867.262, 98.0
Trd, 004868.400, 108
Trd, 004878.125, 115
Trd, 004882.912, 103
Trd, 004893.575, 150.0
Trd, 004893.675, 129
Trd, 004893.725, 121.0
Trd, 004894.025, 111.0
Trd, 004894.700, 94.0
Trd, 004895.737, 100
Trd, 004896.125, 100
Trd, 004896.750, 104
Trd, 004898.512, 105
Trd, 004900.575, 104
Trd, 004904.087, 107.0
Trd, 004910.687, 107
Trd, 004912.362, 106
Trd, 004923.562, 149.0
Trd, 004923.575, 110
Trd, 004923.600, 109
Trd, 004923.700, 107
Trd, 004923.750, 118.0
Trd, 004923.962, 65.0
Trd, 004924.112, 121
Trd, 004924.137, 71.0
Trd, 004924.412, 77
Trd, 004924.700, 124
Trd, 004925.712, 123
Trd, 004926.575, 122.0
Trd, 004926.825, 112.0
Trd, 004930.312, 116
Trd, 004953.600, 87
Trd, 004953.625, 92.0
Trd, 004953.750, 99.0
Trd, 004954.037, 102
Trd, 004954.212, 104
Trd, 004954.362, 105
Trd, 004954.787, 80
Trd, 004955.087, 102.0
Trd, 004955.775, 107
Trd, 004956.962, 109.0
Trd, 004957.587, 98
Trd, 004962.587, 112
Trd, 004963.625, 116
Trd, 004969.325, 116
Trd, 004971.862, 108
Trd, 004983.550, 70.0
Trd, 004983.687, 111
Trd, 004983.775, 109.0
Trd, 004983.875, 89
Trd, 004984.137, 94.0
Trd, 004984.250, 101.0
Trd, 004984.287, 89
Trd, 004985.012, 99.0
Trd, 004985.462, 110
Trd, 004986.050, 118.0
Trd, 004991.237, 105
Trd, 004991.462, 109
Trd, 004991.850, 104
Trd, 004998.787, 125.0
Trd, 004998.837, 115
Trd, 005004.562, 114
Trd, 005013.550, 107
Trd, 005013.687, 120.0
Trd, 005013.812, 108
Trd, 005013.925, 119.0
Trd, 005014.087, 100.0
Trd, 005014.137, 108.0
Trd, 005014.700, 150.0
Trd, 005014.912, 141
Trd, 005014.975, 124
Trd, 005016.875, 108
Trd, 005018.487, 121
Trd, 005020.025, 90
Trd, 005027.437, 88
Trd, 005034.000, 114
Trd, 005041.400, 116
Trd, 005043.675, 99.0
Trd, 005043.700, 101.0
Trd, 005043.762, 133.0
Trd, 005043.837, 113
Trd, 005043.875, 108.0
Trd, 005044.050, 97
Trd, 005044.275, 93
Trd, 005044.575, 108
Trd, 005044.775, 119.0
Trd, 005044.937, 93
Trd, 005045.175, 131.0
Trd, 005045.237, 86
Trd, 005045.475, 112.0
Trd, 005046.450, 83
Trd, 005047.987, 107
Trd, 005049.825, 103
Trd, 005050.850, 88
Trd, 005057.500, 96
Trd, 005073.562, 132.0
Trd, 005073.812, 108.0
Trd, 005073.975, 100.0
Trd, 005074.012, 94
Trd, 005074.125, 105
Trd, 005074.225, 81
Trd, 005074.412, 94.0
Trd, 005074.462, 107
Trd, 005075.137, 100
Trd, 005075.200, 98
Trd, 005075.812, 100
Trd, 005078.487, 101
Trd, 005084.087, 113
Trd, 005088.700, 120.0
Trd, 005090.262, 106
Trd, 005103.762, 90
Trd, 005103.950, 119.0
Trd, 005104.075, 124.0
Trd, 005104.100, 120.0
Trd, 005104.237, 109.0
Trd, 005104.362, 106
Trd, 005104.525, 108
Trd, 005104.750, 115
Trd, 005105.225, 111.0
Trd, 005105.600, 110
Trd, 005105.625, 111
Trd, 005106.012, 132.0
Trd, 005106.862, 87
Trd, 005107.225, 113
Trd, 005121.962, 127
Trd, 005133.700, 98.0
Trd, 005133.725, 125.0
Trd, 005133.750, 132.0
Trd, 005133.925, 94.0
Trd, 005134.112, 133.0
Trd, 005134.125, 107
Trd, 005134.425, 119.0
Trd, 005134.637, 120
Trd, 005135.387, 120.0
Trd, 005135.737, 119.0
Trd, 005138.075, 132
Trd, 005142.362, 116
Trd, 005143.712, 112
Trd, 005144.612, 98
Trd, 005160.012, 96
Trd, 005161.575, 99
Trd, 005163.700, 105
Trd, 005163.725, 107.0
Trd, 005163.887, 120.0
Trd, 005164.037, 127
Trd, 005164.625, 114
Trd, 005164.712, 104
Trd, 005165.362, 111
Trd, 005165.500, 111.0
Trd, 005165.950, 108
Trd, 005166.075, 104
Trd, 005166.100, 119.0
Trd, 005167.312, 92.0
Trd, 005170.400, 102.0
Trd, 005171.412, 109
Trd, 005171.450, 88
Trd, 005193.712, 92.0
Trd, 005193.837, 118.0
Trd, 005194.037, 118.0
Trd, 005194.075, 114
Trd, 005194.112, 110.0
Trd, 005194.137, 119
Trd, 005194.350, 125.0
Trd, 005194.362, 122.0
Trd, 005194.450, 120
Trd, 005195.287, 119
Trd, 005198.925, 132.0
Trd, 005200.362, 88
Trd, 005202.400, 123
Trd, 005202.462, 117
Trd, 005210.437, 104
Trd, 005223.775, 111
Trd, 005223.837, 69
Trd, 005223.887, 93.0
Trd, 005224.050, 100
Trd, 005224.237, 120.0
Trd, 005224.375, 110.0
Trd, 005224.775, 119.0
Trd, 005224.787, 109
Trd, 005225.712, 110
Trd, 005225.800, 114
Trd, 005225.850, 103
Trd, 005230.750, 122
Trd, 005233.687, 118
Trd, 005234.600, 111
Trd, 005253.787, 109.0
Trd, 005253.850, 114
Trd, 005253.987, 101.0
Trd, 005254.037, 79
Trd, 005254.387, 99.0
Trd, 005254.425, 71
Trd, 005254.675, 69.0
Trd, 005254.737, 118
Trd, 005255.375, 98
Trd, 005256.062, 94.0
Trd, 005262.450, 103
Trd, 005264.462, 107
Trd, 005264.800, 107
Trd, 005265.150, 109
Trd, 005270.800, 112
Trd, 005270.900, 110
Trd, 005283.737, 131.0
Trd, 005283.850, 112.0
Trd, 005284.300, 113
Trd, 005284.312, 117
Trd, 005284.437, 92.0
Trd, 005284.737, 102
Trd, 005284.775, 83
Trd, 005285.375, 92
Trd, 005286.362, 104
Trd, 005287.562, 111
Trd, 005290.750, 102.0
Trd, 005293.062, 112
Trd, 005293.525, 120.0
Trd, 005295.362, 111
Trd, 005298.725, 110
Trd, 005302.900, 88
Trd, 005309.525, 98
Trd, 005313.887, 76.0
Trd, 005313.950, 100.0
Trd, 005314.025, 118.0
Trd, 005314.150, 109.0
Trd, 005314.262, 93
Trd, 005314.362, 86
Trd, 005314.862, 99.0
Trd, 005315.012, 100
Trd, 005315.737, 94
Trd, 005315.912, 103
Trd, 005315.987, 94
Trd, 005316.062, 93
Trd, 005317.650, 112
Trd, 005323.625, 124.0
Trd, 005327.762, 99
Trd, 005336.737, 95
Trd, 005344.050, 98
Trd, 005344.237, 133.0
Trd, 005344.375, 112
Trd, 005344.612, 115
Trd, 005344.700, 106
Trd, 005344.912, 112.0
Trd, 005345.025, 120.0
Trd, 005345.562, 111
Trd, 005345.637, 117
Trd, 005346.725, 124.0
Trd, 005347.300, 111
Trd, 005347.412, 111
Trd, 005350.962, 107
Trd, 005364.875, 86
Trd, 005365.212, 105
Trd, 005373.937, 131.0
Trd, 005373.975, 118.0
Trd, 005374.087, 111.0
Trd, 005374.712, 110
Trd, 005374.875, 98.0
Trd, 005374.962, 99
Trd, 005375.725, 106
Trd, 005376.112, 98
Trd, 005377.012, 99
Trd, 005379.137, 101
Trd, 005380.012, 99
Trd, 005380.700, 91
Trd, 005382.787, 106
Trd, 005383.562, 107.0
Trd, 005404.150, 99.0
Trd, 005404.225, 75.0
Trd, 005404.262, 98
Trd, 005404.325, 101.0
Trd, 005404.637, 92.0
Trd, 005404.700, 90
Trd, 005404.837, 87
Trd, 005404.862, 124.0
Trd, 005405.350, 120.0
Trd, 005405.700, 120.0
Trd, 005407.087, 118.0
Trd, 005410.762, 131.0
Trd, 005412.912, 121
Trd, 005415.825, 87
Trd, 005416.500, 102
Trd, 005420.412, 129
Trd, 005421.050, 74
Trd, 005433.537, 85
Trd, 005433.962, 111
Trd, 005434.037, 103
Trd, 005434.187, 119.0
Trd, 005434.212, 109
Trd, 005434.287, 131
Trd, 005434.375, 102.0
Trd, 005434.537, 107
Trd, 005434.837, 74
Trd, 005434.950, 76.0
Trd, 005435.175, 96
Trd, 005435.462, 99
Trd, 005435.487, 99.0
Trd, 005444.837, 107.0
Trd, 005447.487, 111
Trd, 005447.862, 107
Trd, 005460.375, 85
Trd, 005463.937, 107
Trd, 005464.162, 101.0
Trd, 005464.225, 93.0
Trd, 005464.325, 84
Trd, 005464.412, 83
Trd, 005464.475, 65.0
Trd, 005464.537, 82
Trd, 005465.075, 107.0
Trd, 005465.487, 98.0
Trd, 005465.800, 109
Trd, 005469.675, 120.0
Trd, 005471.150, 123.0
Trd, 005473.925, 118
Trd, 005474.225, 117
Trd, 005479.187, 98
Trd, 005493.537, 120
Trd, 005494.025, 100.0
Trd, 005494.037, 102
Trd, 005494.362, 107
Trd, 005494.400, 110
Trd, 005494.525, 107
Trd, 005494.550, 107
Trd, 005495.100, 106
Trd, 005495.237, 119.0
Trd, 005495.350, 112
Trd, 005495.637, 109
Trd, 005496.450, 93.0
Trd, 005497.087, 114
Trd, 005498.075, 124.0
Trd, 005499.275, 96
Trd, 005500.575, 98
Trd, 005510.637, 89
Trd, 005510.900, 90
Trd, 005524.387, 99
Trd, 005524.662, 96
Trd, 005524.762, 101.0
Trd, 005525.037, 96
Trd, 005525.112, 103
Trd, 005525.275, 108.0
Trd, 005525.412, 108
Trd, 005526.075, 98.0
Trd, 005526.250, 120.0
Trd, 005526.375, 95
Trd, 005529.100, 107
Trd, 005529.112, 100
Trd, 005533.112, 108
Trd, 005542.175, 88
Trd, 005543.325, 124.0
Trd, 005548.700, 86
Trd, 005552.125, 89
Trd, 005554.025, 65.0
Trd, 005554.137, 69.0
Trd, 005554.337, 105
Trd, 005554.425, 97.0
Trd, 005554.437, 118.0
Trd, 005554.675, 121.0
Trd, 005554.975, 112
Trd, 005555.212, 108
Trd, 005555.325, 107
Trd, 005555.562, 114
Trd, 005555.737, 123.0
Trd, 005557.025, 83
Trd, 005558.300, 111.0
Trd, 005566.225, 127
Trd, 005568.012, 126
Trd, 005579.625, 100
Trd, 005580.362, 95
Trd, 005584.125, 103
Trd, 005584.162, 110
Trd, 005584.187, 66.0
Trd, 005584.287, 97.0
Trd, 005584.325, 118.0
Trd, 005584.687, 71.0
Trd, 005584.787, 107.0
Trd, 005584.962, 110
Trd, 005585.650, 82
Trd, 005588.525, 101.0
Trd, 005588.662, 95
Trd, 005593.237, 106
Trd, 005596.675, 104
Trd, 005599.312, 100
Trd, 005605.162, 96
Trd, 005606.375, 91
Trd, 005614.062, 121.0
Trd, 005614.275, 71
Trd, 005614.487, 97.0
Trd, 005614.587, 102.0
Trd, 005614.775, 109
Trd, 005614.875, 110
Trd, 005615.825, 108.0
Trd, 005615.900, 102
Trd, 005616.225, 102
Trd, 005616.400, 99
Trd, 005616.900, 98
Trd, 005620.137, 103
Trd, 005624.562, 104
Trd, 005627.012, 106
Trd, 005628.825, 101
Trd, 005633.750, 108
Trd, 005644.100, 133.0
Trd, 005644.112, 120.0
Trd, 005644.275, 124.0
Trd, 005644.287, 130
Trd, 005644.387, 112.0
Trd, 005644.575, 111
Trd, 005644.900, 106
Trd, 005644.950, 84
Trd, 005646.137, 105
Trd, 005646.437, 106
Trd, 005647.100, 104
Trd, 005647.362, 111
Trd, 005653.050, 118.0
Trd, 005654.700, 103
Trd, 005668.712, 86
Trd, 005674.137, 125
Trd, 005674.312, 76.0
Trd, 005674.412, 100.0
Trd, 005674.475, 118.0
Trd, 005675.075, 97.0
Trd, 005675.137, 96
Trd, 005675.175, 107.0
Trd, 005675.512, 104
Trd, 005675.787, 104
Trd, 005676.412, 106
Trd, 005676.975, 103
Trd, 005679.525, 103
Trd, 005680.862, 102
Trd, 005697.412, 103
Trd, 005704.075, 71.0
Trd, 005704.212, 76.0
Trd, 005704.362, 119.0
Trd, 005704.475, 100
Trd, 005704.525, 111
Trd, 005704.675, 79
Trd, 005705.075, 123.0
Trd, 005705.300, 132.0
Trd, 005705.462, 131
Trd, 005706.837, 145
Trd, 005707.050, 127
Trd, 005709.012, 125
Trd, 005710.687, 128
Trd, 005711.312, 120.0
Trd, 005718.900, 100
Trd, 005719.712, 102
Trd, 005734.325, 98
Trd, 005734.337, 91
Trd, 005734.350, 120.0
Trd, 005734.375, 112.0
Trd, 005734.425, 79
Trd, 005734.837, 94.0
Trd, 005734.862, 102.0
Trd, 005735.000, 107.0
Trd, 005735.375, 100
Trd, 005735.550, 95
Trd, 005736.075, 97.0
Trd, 005738.587, 108
Trd, 005746.137, 123.0
Trd, 005750.737, 119
Trd, 005753.550, 123
Trd, 005755.462, 84
Trd, 005764.187, 92
Trd, 005764.287, 120.0
Trd, 005764.400, 84
Trd, 005764.687, 101.0
Trd, 005764.712, 108
Trd, 005764.775, 100
Trd, 005764.825, 88
Trd, 005764.987, 98.0
Trd, 005765.087, 116
Trd, 005765.187, 119.0
Trd, 005766.187, 90
Trd, 005767.187, 115
Trd, 005777.337, 117
Trd, 005779.687, 116
Trd, 005783.300, 89
Trd, 005793.512, 99
Trd, 005794.162, 120.0
Trd, 005794.487, 131.0
Trd, 005794.675, 121.0
Trd, 005794.962, 113
Trd, 005795.125, 112.0
Trd, 005795.162, 119
Trd, 005795.375, 111
Trd, 005795.937, 117
Trd, 005796.737, 112
Trd, 005797.187, 110
Trd, 005797.275, 116
Trd, 005797.962, 81
Trd, 005807.975, 120.0
Trd, 005808.612, 115
Trd, 005813.987, 91
Trd, 005815.187, 86
Trd, 005824.275, 110.0
Trd, 005824.300, 67
Trd, 005824.312, 98.0
Trd, 005824.337, 118.0
Trd, 005824.462, 114
Trd, 005824.550, 97
Trd, 005824.737, 111
Trd, 005825.062, 105
Trd, 005825.412, 106
Trd, 005825.775, 118.0
Trd, 005826.687, 105
Trd, 005828.662, 113
Trd, 005837.462, 123.0
Trd, 005839.612, 106
Trd, 005843.100, 99
Trd, 005844.225, 106
Trd, 005845.587, 88
Trd, 005854.525, 98
Trd, 005854.687, 98.0
Trd, 005854.787, 97
Trd, 005854.800, 95
Trd, 005855.175, 102.0
Trd, 005855.237, 102
Trd, 005855.437, 108.0
Trd, 005855.537, 118.0
Trd, 005856.487, 96
Trd, 005857.312, 113
Trd, 005860.737, 111
Trd, 005863.125, 110.0
Trd, 005866.662, 87
Trd, 005872.925, 123
Trd, 005884.287, 76.0
Trd, 005884.450, 131.0
Trd, 005885.387, 132.0
Trd, 005885.400, 122.0
Trd, 005885.425, 120
Trd, 005885.562, 118.0
Trd, 005885.787, 119
Trd, 005886.125, 118
Trd, 005886.137, 113
Trd, 005888.050, 120.0
Trd, 005888.800, 110.0
Trd, 005890.900, 84
Trd, 005894.012, 110
Trd, 005894.812, 114
Trd, 005910.000, 102
Trd, 005914.325, 107
Trd, 005914.387, 77
Trd, 005914.562, 113
Trd, 005914.575, 73.0
Trd, 005914.700, 100.0
Trd, 005914.800, 94.0
Trd, 005914.825, 107
Trd, 005915.112, 110
Trd, 005915.200, 109.0
Trd, 005915.237, 118.0
Trd, 005916.362, 98.0
Trd, 005916.462, 109
Trd, 005919.900, 123.0
Trd, 005927.987, 118.0
Trd, 005930.662, 132.0
Trd, 005933.587, 120
Trd, 005944.512, 76
Trd, 005944.562, 101.0
Trd, 005944.575, 74
Trd, 005944.725, 93.0
Trd, 005945.000, 90
Trd, 005945.025, 97.0
Trd, 005945.200, 98
Trd, 005945.425, 88
Trd, 005945.475, 109.0
Trd, 005945.525, 112
Trd, 005946.912, 110.0
Trd, 005951.200, 118.0
Trd, 005951.850, 112
Trd, 005953.837, 106
Trd, 005969.525, 87
Trd, 005974.450, 132.0
Trd, 005974.637, 97.0
Trd, 005974.712, 118.0
Trd, 005975.175, 106
Trd, 005975.437, 107.0
Trd, 005975.500, 109
Trd, 005975.887, 108
Trd, 005975.987, 92
Trd, 005976.162, 118.0
Trd, 005976.212, 123.0
Trd, 005976.837, 112
Trd, 005977.425, 87
Trd, 005977.525, 98
Trd, 005977.700, 113
Trd, 005990.975, 116
Trd, 005997.900, 101
Trd, 006004.400, 98
Trd, 006004.450, 76.0
Trd, 006004.487, 120.0
Trd, 006004.737, 107.0
Trd, 006004.862, 116
Trd, 006004.887, 110.0
Trd, 006005.237, 120.0
Trd, 006005.437, 119
Trd, 006006.262, 116
Trd, 006006.837, 85
Trd, 006006.937, 131.0
Trd, 006007.800, 92
Trd, 006008.375, 123.0
Trd, 006008.500, 106
Trd, 006021.325, 105
Trd, 006034.450, 149.0
Trd, 006034.600, 120.0
Trd, 006034.625, 119.0
Trd, 006034.662, 98
Trd, 006034.925, 144
Trd, 006034.962, 130
Trd, 006035.425, 132.0
Trd, 006036.300, 132
Trd, 006037.075, 123
Trd, 006038.187, 112.0
Trd, 006039.662, 123
Trd, 006040.062, 116
Trd, 006042.062, 118
Trd, 006052.287, 85
Trd, 006052.825, 107
Trd, 006057.325, 94
Trd, 006064.387, 149.0
Trd, 006064.425, 112.0
Trd, 006064.462, 135
Trd, 006064.812, 97
Trd, 006064.887, 109.0
Trd, 006065.050, 66.0
Trd, 006065.062, 71.0
Trd, 006065.362, 93
Trd, 006065.800, 98.0
Trd, 006066.150, 94
Trd, 006066.575, 101.0
Trd, 006066.600, 106
Trd, 006068.462, 107
Trd, 006069.550, 103
Trd, 006073.212, 111
Trd, 006079.475, 110
Trd, 006086.775, 110
Trd, 006094.437, 108
Trd, 006094.512, 65.0
Trd, 006094.825, 120.0
Trd, 006095.200, 114
Trd, 006095.250, 93
Trd, 006095.437, 99.0
Trd, 006095.662, 105
Trd, 006095.812, 109
Trd, 006096.375, 97
Trd, 006097.112, 102.0
Trd, 006097.787, 103
Trd, 006102.075, 109.0
Trd, 006116.400, 117
Trd, 006122.212, 108
Trd, 006124.487, 108.0
Trd, 006124.662, 150.0
Trd, 006125.000, 112
Trd, 006125.050, 110.0
Trd, 006125.287, 119
Trd, 006125.450, 109
Trd, 006125.750, 114
Trd, 006125.862, 120.0
Trd, 006126.087, 123
Trd, 006126.312, 110
Trd, 006126.450, 122
Trd, 006129.150, 121
Trd, 006130.612, 124.0
Trd, 006130.937, 86
Trd, 006135.175, 95
Trd, 006135.862, 117
Trd, 006139.850, 82
Trd, 006147.125, 91
Trd, 006154.675, 75
Trd, 006154.787, 76.0
Trd, 006154.850, 109.0
Trd, 006155.000, 93.0
Trd, 006155.250, 111.0
Trd, 006155.375, 119.0
Trd, 006155.525, 107
Trd, 006157.550, 119
Trd, 006159.387, 118.0
Trd, 006160.700, 117
Trd, 006163.425, 124.0
Trd, 006163.887, 119
Trd, 006164.300, 132.0
Trd, 006171.962, 104
Trd, 006172.637, 91
Trd, 006177.075, 103
Trd, 006181.375, 105
Trd, 006184.725, 106
Trd, 006184.862, 117
Trd, 006184.937, 118.0
Trd, 006185.012, 112
Trd, 006185.700, 113
Trd, 006185.712, 111.0
Trd, 006185.912, 122.0
Trd, 006185.925, 111
Trd, 006186.262, 118.0
Trd, 006186.300, 110
Trd, 006186.387, 114
Trd, 006186.825, 113
Trd, 006194.187, 115
Trd, 006197.162, 99
Trd, 006197.600, 87
Trd, 006214.575, 120.0
Trd, 006214.625, 131.0
Trd, 006214.700, 122
Trd, 006214.987, 124
Trd, 006215.250, 122
Trd, 006215.312, 121.0
Trd, 006215.375, 112.0
Trd, 006216.575, 124
Trd, 006217.162, 124.0
Trd, 006218.812, 114
Trd, 006219.575, 113
Trd, 006220.700, 106
Trd, 006221.937, 117
Trd, 006226.200, 99
Trd, 006228.362, 87
Trd, 006244.575, 65.0
Trd, 006244.712, 100.0
Trd, 006244.800, 94
Trd, 006244.925, 119.0
Trd, 006245.000, 100
Trd, 006245.037, 133.0
Trd, 006245.300, 120.0
Trd, 006245.475, 82
Trd, 006245.812, 120.0
Trd, 006246.162, 123.0
Trd, 006246.562, 114
Trd, 006248.450, 116
Trd, 006248.600, 94
Trd, 006250.375, 98
Trd, 006255.562, 100
Trd, 006265.387, 85
Trd, 006267.262, 103
Trd, 006274.600, 95
Trd, 006274.700, 106
Trd, 006274.725, 90
Trd, 006275.300, 91
Trd, 006275.387, 76
Trd, 006275.500, 103
Trd, 006275.562, 108.0
Trd, 006275.937, 98.0
Trd, 006276.012, 119.0
Trd, 006276.600, 102.0
Trd, 006279.187, 108
Trd, 006283.000, 111
Trd, 006288.112, 125.0
Trd, 006288.712, 111
Trd, 006291.462, 111
Trd, 006303.237, 131
Trd, 006304.725, 75.0
Trd, 006304.787, 83
Trd, 006304.800, 97.0
Trd, 006304.950, 70.0
Trd, 006305.112, 87
Trd, 006305.125, 93.0
Trd, 006305.150, 100.0
Trd, 006305.462, 105
Trd, 006305.537, 109.0
Trd, 006305.787, 108
Trd, 006305.937, 109
Trd, 006309.525, 118.0
Trd, 006311.412, 107
Trd, 006313.400, 110
Trd, 006316.887, 109
Trd, 006329.712, 101
Trd, 006334.725, 135
Trd, 006334.837, 121.0
Trd, 006334.887, 118.0
Trd, 006334.950, 119
Trd, 006335.000, 131.0
Trd, 006335.350, 129
Trd, 006335.862, 124
Trd, 006335.887, 112.0
Trd, 006336.150, 125
Trd, 006337.150, 122
Trd, 006337.462, 123.0
Trd, 006337.825, 115
Trd, 006345.725, 104
Trd, 006351.187, 108
Trd, 006364.812, 120.0
Trd, 006364.875, 120.0
Trd, 006365.125, 75.0
Trd, 006365.450, 98.0
Trd, 006366.687, 95
Trd, 006367.137, 101.0
Trd, 006367.312, 91
Trd, 006368.175, 105
Trd, 006369.112, 107.0
Trd, 006369.300, 107
Trd, 006370.075, 106
Trd, 006370.837, 105
Trd, 006386.525, 110
Trd, 006393.700, 96
Trd, 006394.737, 108
Trd, 006394.800, 112
Trd, 006395.075, 100.0
Trd, 006395.487, 85
Trd, 006395.750, 94.0
Trd, 006395.850, 91
Trd, 006396.275, 95
Trd, 006396.775, 108
Trd, 006397.075, 107
Trd, 006397.512, 119.0
Trd, 006397.887, 106
Trd, 006398.512, 109.0
Trd, 006399.375, 99
Trd, 006402.087, 94
Trd, 006404.162, 88
Trd, 006412.775, 125.0
Trd, 006424.025, 82
Trd, 006424.912, 94.0
Trd, 006425.012, 85
Trd, 006425.137, 102
Trd, 006425.300, 107.0
Trd, 006425.562, 102
Trd, 006425.850, 95
Trd, 006426.462, 99.0
Trd, 006426.725, 124.0
Trd, 006426.862, 93
Trd, 006427.275, 131
Trd, 006428.612, 114
Trd, 006431.325, 111
Trd, 006435.250, 120.0
Trd, 006436.762, 96
Trd, 006442.175, 111
Trd, 006454.850, 118.0
Trd, 006455.012, 98.0
Trd, 006455.237, 102.0
Trd, 006455.312, 109.0
Trd, 006455.325, 114
Trd, 006455.462, 105
Trd, 006456.212, 106
Trd, 006456.662, 110.0
Trd, 006457.100, 101
Trd, 006457.637, 111
Trd, 006460.462, 119.0
Trd, 006461.037, 123.0
Trd, 006465.037, 112
Trd, 006466.000, 111
Trd, 006470.987, 110
Trd, 006484.762, 65.0
Trd, 006484.800, 94.0
Trd, 006484.862, 71.0
Trd, 006484.962, 75.0
Trd, 006484.987, 78
Trd, 006485.450, 101.0
Trd, 006486.150, 107
Trd, 006486.775, 96
Trd, 006487.100, 99.0
Trd, 006490.387, 96
Trd, 006495.650, 102
Trd, 006497.450, 104
Trd, 006501.962, 99
Trd, 006506.337, 107.0
Trd, 006514.787, 104
Trd, 006514.875, 122.0
Trd, 006515.037, 121
Trd, 006515.275, 127
Trd, 006515.612, 118.0
Trd, 006515.675, 112.0
Trd, 006515.750, 117
Trd, 006516.100, 108.0
Trd, 006516.175, 99
Trd, 006516.687, 102
Trd, 006517.012, 85
Trd, 006520.100, 119.0
Trd, 006527.412, 107
Trd, 006532.325, 110
Trd, 006534.212, 124.0
Trd, 006537.262, 118
Trd, 006544.862, 101.0
Trd, 006545.037, 94.0
Trd, 006545.100, 78
Trd, 006545.125, 105
Trd, 006545.137, 105
Trd, 006545.312, 109.0
Trd, 006545.325, 87
Trd, 006545.462, 74.0
Trd, 006545.512, 97.0
Trd, 006546.600, 108
Trd, 006548.525, 112.0
Trd, 006549.012, 118.0
Trd, 006553.987, 124.0
Trd, 006556.775, 114
Trd, 006557.875, 119
Trd, 006561.287, 120
Trd, 006571.350, 119
Trd, 006574.862, 112.0
Trd, 006574.887, 109
Trd, 006575.000, 120
Trd, 006575.050, 119.0
Trd, 006575.162, 132.0
Trd, 006575.200, 120.0
Trd, 006575.425, 120.0
Trd, 006575.725, 101.0
Trd, 006576.775, 122
Trd, 006578.025, 117
Trd, 006579.212, 117
Trd, 006583.887, 113
Trd, 006588.487, 124.0
Trd, 006588.900, 93
Trd, 006604.975, 74.0
Trd, 006605.000, 98.0
Trd, 006605.400, 72.0
Trd, 006605.412, 96
Trd, 006605.712, 94.0
Trd, 006606.575, 101.0
Trd, 006606.600, 94
Trd, 006606.787, 104
Trd, 006606.875, 109.0
Trd, 006608.587, 108
Trd, 006611.412, 118.0
Trd, 006611.850, 115
Trd, 006619.612, 125.0
Trd, 006626.587, 114
Trd, 006626.812, 114
Trd, 006629.212, 116
Trd, 006634.875, 120.0
Trd, 006635.287, 90
Trd, 006635.362, 74.0
Trd, 006635.612, 101.0
Trd, 006636.050, 104
Trd, 006636.075, 113
Trd, 006636.150, 103
Trd, 006636.487, 115
Trd, 006636.537, 118.0
Trd, 006636.812, 109.0
Trd, 006637.937, 124.0
Trd, 006639.850, 112
Trd, 006641.912, 112
Trd, 006644.525, 110
Trd, 006647.050, 122
Trd, 006649.787, 84
Trd, 006649.850, 89
Trd, 006650.825, 87
Trd, 006665.025, 107
Trd, 006665.125, 111
Trd, 006665.762, 125.0
Trd, 006665.912, 125
Trd, 006666.012, 122.0
Trd, 006666.125, 122
Trd, 006666.162, 120.0
Trd, 006666.950, 117
Trd, 006667.837, 119.0
Trd, 006668.162, 110.0
Trd, 006669.050, 109
Trd, 006670.625, 84
Trd, 006670.825, 113
Trd, 006678.475, 111
Trd, 006682.125, 125
Trd, 006694.925, 97.0
Trd, 006695.000, 104
Trd, 006695.237, 120.0
Trd, 006695.387, 112
Trd, 006695.812, 116
Trd, 006696.150, 120.0
Trd, 006696.262, 120
Trd, 006696.325, 114
Trd, 006696.375, 123.0
Trd, 006696.812, 131.0
Trd, 006697.762, 120
Trd, 006704.000, 133.0
Trd, 006708.775, 120.0
Trd, 006710.037, 110.0
Trd, 006714.137, 89
Trd, 006715.700, 101
Trd, 006723.862, 87
Trd, 006724.987, 118.0
Trd, 006725.187, 101
Trd, 006725.225, 107
Trd, 006725.237, 137
Trd, 006725.300, 92
Trd, 006725.350, 79
Trd, 006725.537, 98.0
Trd, 006725.600, 131.0
Trd, 006725.725, 116
Trd, 006725.937, 112.0
Trd, 006727.062, 104
Trd, 006730.325, 113
Trd, 006734.250, 108
Trd, 006737.450, 107
Trd, 006755.025, 109
Trd, 006755.150, 121
Trd, 006755.425, 122
Trd, 006755.537, 125.0
Trd, 006755.612, 119.0
Trd, 006755.787, 119
Trd, 006755.825, 112.0
Trd, 006756.162, 108.0
Trd, 006756.212, 119
Trd, 006756.225, 106
Trd, 006756.625, 88
Trd, 006756.775, 92.0
Trd, 006757.425, 120.0
Trd, 006763.062, 100
Trd, 006770.225, 106
Trd, 006778.700, 87
Trd, 006785.050, 100.0
Trd, 006785.112, 107.0
Trd, 006785.812, 92.0
Trd, 006785.837, 78
Trd, 006785.850, 93
Trd, 006786.125, 98.0
Trd, 006786.300, 120.0
Trd, 006786.350, 105
Trd, 006786.562, 114
Trd, 006786.625, 92
Trd, 006786.737, 125.0
Trd, 006788.562, 108
Trd, 006789.925, 100
Trd, 006792.237, 117
Trd, 006803.325, 116
Trd, 006804.712, 116
Trd, 006815.387, 75.0
Trd, 006815.400, 76.0
Trd, 006815.712, 100.0
Trd, 006815.837, 103
Trd, 006815.975, 97
Trd, 006816.075, 107
Trd, 006816.750, 99.0
Trd, 006817.375, 92.0
Trd, 006817.825, 102
Trd, 006817.850, 110
Trd, 006818.362, 93
Trd, 006819.887, 91
Trd, 006821.425, 109.0
Trd, 006824.387, 105
Trd, 006837.787, 110
Trd, 006845.062, 75
Trd, 006845.337, 106
Trd, 006845.375, 102
Trd, 006845.662, 102
Trd, 006846.000, 120.0
Trd, 006846.237, 123.0
Trd, 006846.650, 118.0
Trd, 006846.900, 111.0
Trd, 006846.987, 109
Trd, 006847.287, 108
Trd, 006853.737, 131.0
Trd, 006855.000, 122
Trd, 006859.050, 130
Trd, 006866.312, 120.0
Trd, 006867.050, 103
Trd, 006875.087, 117
Trd, 006875.200, 109
Trd, 006875.325, 76
Trd, 006875.750, 109
Trd, 006875.812, 105
Trd, 006875.887, 109.0
Trd, 006875.925, 98
Trd, 006875.962, 111
Trd, 006876.000, 74.0
Trd, 006876.087, 122.0
Trd, 006877.000, 102
Trd, 006878.637, 101
Trd, 006881.162, 110
Trd, 006881.412, 111
Trd, 006881.587, 120.0
Trd, 006881.787, 98
Trd, 006882.537, 125.0
Trd, 006905.187, 75.0
Trd, 006905.287, 94.0
Trd, 006905.350, 97.0
Trd, 006905.425, 109
Trd, 006905.787, 119.0
Trd, 006905.825, 112.0
Trd, 006906.037, 120.0
Trd, 006906.325, 110
Trd, 006906.350, 102
Trd, 006906.650, 90
Trd, 006907.537, 109.0
Trd, 006907.762, 123.0
Trd, 006911.725, 110
Trd, 006920.575, 115
Trd, 006933.637, 111
Trd, 006935.112, 111
Trd, 006935.212, 97
Trd, 006935.275, 102.0
Trd, 006935.562, 107
Trd, 006935.650, 98.0
Trd, 006935.800, 119.0
Trd, 006935.812, 87
Trd, 006936.225, 109.0
Trd, 006936.437, 119.0
Trd, 006937.162, 131.0
Trd, 006938.887, 133.0
Trd, 006940.325, 131
Trd, 006941.937, 132
Trd, 006943.262, 92
Trd, 006943.725, 111
Trd, 006947.175, 107
Trd, 006949.375, 101
Trd, 006965.200, 115
Trd, 006965.475, 110.0
Trd, 006965.675, 119
Trd, 006965.750, 103
Trd, 006966.025, 102
Trd, 006966.225, 105
Trd, 006966.425, 111
Trd, 006966.537, 93.0
Trd, 006966.550, 111
Trd, 006966.800, 98
Trd, 006967.775, 102
Trd, 006968.487, 119.0
Trd, 006969.737, 124.0
Trd, 006969.962, 99
Trd, 006995.237, 112
Trd, 006995.537, 111
Trd, 006995.675, 101.0
Trd, 006995.862, 88
Trd, 006996.175, 76.0
Trd, 006996.312, 92.0
Trd, 006996.337, 97.0
Trd, 006996.787, 108.0
Trd, 006997.050, 103
Trd, 006998.087, 108
Trd, 006998.837, 103
Trd, 006999.137, 119.0
Trd, 007004.400, 111
Trd, 007005.387, 109
Trd, 007007.075, 104
Trd, 007011.737, 123.0
Trd, 007025.300, 110
Trd, 007025.550, 114
Trd, 007025.625, 117
Trd, 007025.650, 112.0
Trd, 007025.775, 111
Trd, 007025.925, 102.0
Trd, 007026.025, 104
Trd, 007026.112, 102
Trd, 007026.225, 120.0
Trd, 007026.337, 93.0
Trd, 007027.412, 108.0
Trd, 007029.225, 117
Trd, 007033.537, 108
Trd, 007039.900, 96
Trd, 007045.750, 91
Trd, 007049.075, 87
Trd, 007055.362, 112
Trd, 007055.450, 107
Trd, 007055.862, 121.0
Trd, 007056.025, 120.0
Trd, 007056.200, 79
Trd, 007056.412, 98.0
Trd, 007056.562, 107
Trd, 007056.750, 107
Trd, 007056.950, 124.0
Trd, 007057.150, 131.0
Trd, 007057.987, 110.0
Trd, 007058.700, 107
Trd, 007060.150, 97
Trd, 007061.462, 106
Trd, 007062.062, 135
Trd, 007072.437, 84
Trd, 007085.400, 115
Trd, 007085.412, 108
Trd, 007085.562, 118.0
Trd, 007085.775, 121.0
Trd, 007085.825, 116
Trd, 007085.975, 112.0
Trd, 007086.200, 116
Trd, 007086.675, 115
Trd, 007086.887, 116
Trd, 007087.237, 102
Trd, 007087.637, 125.0
Trd, 007087.675, 101
Trd, 007089.737, 97
Trd, 007091.200, 86
Trd, 007115.350, 65.0
Trd, 007115.412, 70.0
Trd, 007115.437, 107.0
Trd, 007115.600, 131
Trd, 007115.800, 121.0
Trd, 007115.862, 118.0
Trd, 007116.050, 115
Trd, 007116.450, 118
Trd, 007116.675, 115
Trd, 007117.650, 115
Trd, 007117.700, 117
Trd, 007118.037, 117
Trd, 007118.062, 95
Trd, 007126.087, 83
Trd, 007129.275, 99
Trd, 007129.662, 108
Trd, 007134.037, 76.0
Trd, 007139.625, 105
Trd, 007145.362, 107
Trd, 007145.375, 83
Trd, 007145.587, 151.0
Trd, 007145.612, 133.0
Trd, 007145.737, 108
Trd, 007145.837, 118.0
Trd, 007146.500, 109.0
Trd, 007146.587, 116
Trd, 007146.875, 111
Trd, 007147.075, 111
Trd, 007147.125, 118.0
Trd, 007147.537, 118
Trd, 007148.137, 123.0
Trd, 007148.975, 120
Trd, 007150.125, 96
Trd, 007156.075, 116
Trd, 007159.812, 96
Trd, 007175.400, 112.0
Trd, 007175.637, 109
Trd, 007175.712, 120.0
Trd, 007175.725, 103
Trd, 007175.862, 131.0
Trd, 007175.875, 79
Trd, 007176.200, 105
Trd, 007176.387, 109
Trd, 007176.562, 120
Trd, 007176.587, 107
Trd, 007178.275, 111
Trd, 007181.437, 118.0
Trd, 007183.887, 123.0
Trd, 007203.025, 111
Trd, 007205.350, 69.0
Trd, 007205.612, 108.0
Trd, 007205.662, 95
Trd, 007205.825, 99.0
Trd, 007206.187, 124.0
Trd, 007206.400, 92
Trd, 007206.450, 93.0
Trd, 007206.712, 100.0
Trd, 007207.737, 118.0
Trd, 007209.262, 117
Trd, 007210.862, 110
Trd, 007212.450, 109
Trd, 007216.162, 117
Trd, 007220.900, 90
Trd, 007232.337, 89
Trd, 007234.200, 104
Trd, 007235.450, 120.0
Trd, 007235.625, 101
Trd, 007235.687, 101.0
Trd, 007235.887, 102
Trd, 007235.912, 108.0
Trd, 007236.075, 112.0
Trd, 007236.250, 119.0
Trd, 007236.487, 115
Trd, 007236.612, 116
Trd, 007237.187, 114
Trd, 007237.437, 109
Trd, 007240.387, 115
Trd, 007240.687, 123.0
Trd, 007241.225, 120.0
Trd, 007241.875, 116
Trd, 007242.837, 133.0
Trd, 007250.962, 88
Trd, 007265.412, 149.0
Trd, 007265.625, 126
Trd, 007265.712, 76.0
Trd, 007265.750, 64.0
Trd, 007265.937, 101.0
Trd, 007265.962, 84
Trd, 007266.025, 108
Trd, 007266.575, 94.0
Trd, 007267.150, 98.0
Trd, 007267.262, 112
Trd, 007268.850, 118.0
Trd, 007271.575, 111
Trd, 007285.075, 111
Trd, 007285.737, 110
Trd, 007295.400, 151.0
Trd, 007295.700, 111
Trd, 007295.850, 109.0
Trd, 007296.137, 104
Trd, 007296.312, 112.0
Trd, 007296.425, 116
Trd, 007296.750, 111
Trd, 007296.850, 109
Trd, 007297.137, 104
Trd, 007297.375, 113
Trd, 007297.462, 118.0
Trd, 007297.562, 124.0
Trd, 007300.437, 104
Trd, 007313.937, 121
Trd, 007318.425, 96
Trd, 007325.475, 112.0
Trd, 007325.712, 94.0
Trd, 007325.725, 99.0
Trd, 007325.812, 92
Trd, 007325.875, 108.0
Trd, 007326.425, 103
Trd, 007326.625, 107
Trd, 007326.987, 102.0
Trd, 007327.275, 106
Trd, 007327.712, 120.0
Trd, 007327.850, 100
Trd, 007330.937, 109
Trd, 007331.462, 124.0
Trd, 007331.725, 106
Trd, 007337.262, 87
Trd, 007355.675, 98.0
Trd, 007355.700, 104
Trd, 007355.887, 76.0
Trd, 007355.975, 100.0
Trd, 007356.075, 94
Trd, 007356.275, 107.0
Trd, 007356.425, 96
Trd, 007356.775, 108
Trd, 007356.837, 96
Trd, 007357.075, 75.0
Trd, 007357.625, 102
Trd, 007357.812, 119.0
Trd, 007358.000, 124.0
Trd, 007358.687, 83
Trd, 007372.325, 133.0
Trd, 007385.550, 108
Trd, 007385.700, 100.0
Trd, 007385.812, 121.0
Trd, 007385.987, 99.0
Trd, 007386.037, 76.0
Trd, 007386.050, 107
Trd, 007386.412, 93.0
Trd, 007386.875, 94
Trd, 007387.000, 118.0
Trd, 007387.350, 108.0
Trd, 007388.000, 96
Trd, 007388.500, 124.0
Trd, 007398.562, 97
Trd, 007404.887, 121
Trd, 007409.300, 113
Trd, 007414.175, 96
Trd, 007415.600, 106
Trd, 007415.662, 109.0
Trd, 007415.725, 69.0
Trd, 007415.837, 100.0
Trd, 007415.862, 76.0
Trd, 007416.000, 74.0
Trd, 007416.462, 113
Trd, 007416.675, 112.0
Trd, 007416.750, 120.0
Trd, 007416.862, 126
Trd, 007417.362, 122.0
Trd, 007418.087, 123
Trd, 007420.062, 121
Trd, 007421.150, 117
Trd, 007422.362, 106
Trd, 007432.412, 101
Trd, 007445.687, 110.0
Trd, 007445.850, 108
Trd, 007446.062, 102
Trd, 007446.287, 133.0
Trd, 007446.412, 120.0
Trd, 007446.675, 120
Trd, 007446.837, 122
Trd, 007446.925, 125
Trd, 007446.975, 144
Trd, 007447.037, 118.0
Trd, 007447.087, 83
Trd, 007451.037, 117
Trd, 007452.237, 125.0
Trd, 007455.250, 90
Trd, 007457.900, 105
Trd, 007475.612, 117
Trd, 007475.750, 110
Trd, 007475.837, 133.0
Trd, 007475.900, 144
Trd, 007476.200, 115
Trd, 007476.375, 118
Trd, 007476.387, 120.0
Trd, 007476.400, 108
Trd, 007476.462, 107
Trd, 007476.587, 87
Trd, 007477.100, 92.0
Trd, 007477.900, 100.0
Trd, 007485.050, 102
Trd, 007485.250, 94
Trd, 007487.862, 94
Trd, 007505.412, 97
Trd, 007505.600, 66.0
Trd, 007505.650, 98.0
Trd, 007505.662, 83
Trd, 007505.862, 95
Trd, 007506.087, 84
Trd, 007506.175, 124.0
Trd, 007506.825, 94.0
Trd, 007507.225, 107
Trd, 007510.550, 108.0
Trd, 007514.525, 107
Trd, 007515.325, 104
Trd, 007516.637, 109
Trd, 007522.400, 112
Trd, 007532.512, 104
Trd, 007535.662, 111.0
Trd, 007535.725, 111
Trd, 007535.750, 123.0
Trd, 007535.762, 103
Trd, 007535.850, 111
Trd, 007536.062, 93
Trd, 007536.212, 102
Trd, 007536.325, 92.0
Trd, 007536.537, 114
Trd, 007536.625, 119.0
Trd, 007536.800, 133.0
Trd, 007538.500, 110
Trd, 007542.025, 106
Trd, 007545.687, 98
Trd, 007547.400, 128
Trd, 007549.662, 107
Trd, 007565.787, 108.0
Trd, 007565.937, 89
Trd, 007566.087, 107
Trd, 007566.225, 106
Trd, 007566.300, 105
Trd, 007566.562, 101.0
Trd, 007566.637, 108
Trd, 007566.750, 109
Trd, 007566.775, 120.0
Trd, 007567.025, 103
Trd, 007567.850, 102
Trd, 007568.225, 88
Trd, 007571.337, 122.0
Trd, 007580.687, 124
Trd, 007584.312, 110
Trd, 007595.837, 97.0
Trd, 007595.900, 89
Trd, 007596.200, 104
Trd, 007596.250, 103
Trd, 007596.512, 101
Trd, 007596.550, 108.0
Trd, 007596.662, 118.0
Trd, 007596.850, 124.0
Trd, 007597.387, 131.0
Trd, 007597.437, 112.0
Trd, 007597.625, 118
Trd, 007598.250, 129
Trd, 007598.337, 129
Trd, 007603.800, 127
Trd, 007605.687, 98
Trd, 007623.187, 108
Trd, 007625.825, 144
Trd, 007625.900, 122.0
Trd, 007625.950, 110.0
Trd, 007626.012, 111
Trd, 007626.062, 75
Trd, 007626.162, 92.0
Trd, 007626.475, 111
Trd, 007626.587, 104
Trd, 007627.012, 103
Trd, 007627.062, 108.0
Trd, 007629.712, 107
Trd, 007630.150, 108
Trd, 007630.400, 102
Trd, 007630.437, 118.0
Trd, 007655.775, 109
Trd, 007655.850, 104
Trd, 007656.000, 131.0
Trd, 007656.112, 92.0
Trd, 007656.312, 84
Trd, 007656.375, 87
Trd, 007656.387, 101.0
Trd, 007656.425, 120.0
Trd, 007657.125, 109
Trd, 007658.150, 106
Trd, 007658.950, 103
Trd, 007659.562, 124.0
Trd, 007664.112, 121
Trd, 007664.925, 120
Trd, 007671.512, 105
Trd, 007685.787, 106
Trd, 007685.825, 112.0
Trd, 007685.912, 120.0
Trd, 007686.050, 149.0
Trd, 007686.225, 111
Trd, 007686.287, 97.0
Trd, 007686.425, 122.0
Trd, 007686.687, 123
Trd, 007686.700, 100
Trd, 007686.850, 105
Trd, 007688.200, 108
Trd, 007689.237, 111
Trd, 007692.512, 102.0
Trd, 007699.837, 114
Trd, 007716.000, 94.0
Trd, 007716.037, 98.0
Trd, 007716.050, 87
Trd, 007716.112, 112
Trd, 007716.387, 92
Trd, 007716.700, 100.0
Trd, 007716.712, 98
Trd, 007717.187, 99
Trd, 007717.262, 93
Trd, 007717.700, 103
Trd, 007717.925, 102
Trd, 007717.962, 119.0
Trd, 007719.987, 108.0
Trd, 007737.375, 115
Trd, 007738.425, 113
Trd, 007739.250, 102
Trd, 007745.825, 120.0
Trd, 007745.937, 132.0
Trd, 007746.075, 101
Trd, 007746.412, 110.0
Trd, 007746.487, 113
Trd, 007746.625, 107
Trd, 007746.862, 133.0
Trd, 007747.337, 107
Trd, 007748.800, 108.0
Trd, 007750.075, 112
Trd, 007750.487, 111
Trd, 007750.550, 106
Trd, 007758.562, 109
Trd, 007758.987, 102
Trd, 007763.800, 106
Trd, 007771.787, 106
Trd, 007775.837, 105
Trd, 007775.900, 76
Trd, 007776.187, 94.0
Trd, 007776.387, 94
Trd, 007776.425, 101.0
Trd, 007776.512, 108.0
Trd, 007776.587, 109
Trd, 007776.762, 118.0
Trd, 007777.325, 102
Trd, 007777.900, 108
Trd, 007778.737, 108
Trd, 007780.612, 107
Trd, 007783.650, 110
Trd, 007792.025, 115
Trd, 007796.237, 90
Trd, 007805.912, 150.0
Trd, 007806.000, 122.0
Trd, 007806.125, 87
Trd, 007806.512, 108.0
Trd, 007806.537, 124
Trd, 007806.625, 76
Trd, 007806.862, 125.0
Trd, 007807.362, 98.0
Trd, 007809.050, 110.0
Trd, 007809.087, 105
Trd, 007809.800, 104
Trd, 007810.562, 115
Trd, 007813.850, 103
Trd, 007815.587, 119
Trd, 007816.675, 105
Trd, 007821.950, 76.0
Trd, 007835.887, 110.0
Trd, 007835.950, 119.0
Trd, 007836.037, 88
Trd, 007836.237, 119.0
Trd, 007836.750, 106
Trd, 007836.812, 113
Trd, 007836.950, 114
Trd, 007837.012, 104
Trd, 007837.312, 107
Trd, 007837.500, 123.0
Trd, 007838.287, 122.0
Trd, 007839.062, 119
Trd, 007839.787, 110
Trd, 007840.375, 128
Trd, 007843.125, 116
Trd, 007843.950, 81
Trd, 007850.025, 100
Trd, 007866.025, 107
Trd, 007866.037, 118
Trd, 007866.112, 119.0
Trd, 007866.500, 133.0
Trd, 007866.562, 111.0
Trd, 007866.725, 109
Trd, 007866.762, 108
Trd, 007866.987, 149.0
Trd, 007867.275, 139
Trd, 007867.612, 99.0
Trd, 007868.262, 102
Trd, 007872.250, 123.0
Trd, 007877.412, 118
Trd, 007895.987, 70.0
Trd, 007896.062, 93
Trd, 007896.212, 74
Trd, 007896.237, 109.0
Trd, 007896.662, 125.0
Trd, 007896.700, 120.0
Trd, 007896.762, 114
Trd, 007896.850, 101
Trd, 007897.562, 113
Trd, 007898.387, 107
Trd, 007898.862, 116
Trd, 007902.237, 115
Trd, 007910.250, 116
Trd, 007910.450, 115
Trd, 007919.750, 111.0
Trd, 007926.062, 97.0
Trd, 007926.212, 75.0
Trd, 007926.325, 101.0
Trd, 007926.537, 105
Trd, 007926.612, 106
Trd, 007926.725, 109.0
Trd, 007926.975, 111
Trd, 007927.350, 97
Trd, 007927.612, 104
Trd, 007930.650, 110
Trd, 007930.775, 120.0
Trd, 007934.387, 115
Trd, 007935.250, 113
Trd, 007943.150, 123.0
Trd, 007943.175, 87
Trd, 007953.887, 109
Trd, 007956.012, 64.0
Trd, 007956.087, 93.0
Trd, 007956.250, 90
Trd, 007956.575, 100.0
Trd, 007956.850, 125.0
Trd, 007957.350, 122.0
Trd, 007957.600, 117
Trd, 007957.750, 112.0
Trd, 007959.000, 125
Trd, 007959.200, 116
Trd, 007959.687, 113
Trd, 007960.762, 104
Trd, 007965.762, 120
Trd, 007972.862, 104
Trd, 007983.275, 95
Trd, 007985.112, 119
Trd, 007986.037, 133.0
Trd, 007986.262, 149.0
Trd, 007986.275, 111
Trd, 007986.312, 108
Trd, 007986.525, 71.0
Trd, 007986.700, 143
Trd, 007986.750, 110.0
Trd, 007986.962, 122.0
Trd, 007987.625, 106
Trd, 007987.912, 107
Trd, 007988.425, 125.0
Trd, 007990.337, 117
Trd, 007991.437, 119.0
Trd, 007993.612, 116
Trd, 008001.450, 86
Trd, 008009.325, 105
Trd, 008016.075, 123.0
Trd, 008016.175, 108
Trd, 008016.250, 121.0
Trd, 008016.362, 106
Trd, 008016.400, 102
Trd, 008016.500, 118.0
Trd, 008016.562, 86
Trd, 008016.687, 150.0
Trd, 008016.862, 107.0
Trd, 008016.900, 103
Trd, 008018.412, 97
Trd, 008019.737, 98.0
Trd, 008020.012, 75
Trd, 008021.562, 102
Trd, 008025.287, 126
Trd, 008032.562, 114
Trd, 008046.087, 118
Trd, 008046.112, 115
Trd, 008046.175, 94.0
Trd, 008046.250, 115
Trd, 008046.350, 70.0
Trd, 008046.737, 111.0
Trd, 008046.775, 118.0
Trd, 008046.862, 119.0
Trd, 008047.050, 120.0
Trd, 008047.600, 119
Trd, 008047.712, 112
Trd, 008047.950, 81
Trd, 008050.987, 96
Trd, 008053.200, 123
Trd, 008067.850, 106
Trd, 008076.150, 76
Trd, 008076.175, 102
Trd, 008076.187, 107.0
Trd, 008076.237, 118
Trd, 008076.300, 108
Trd, 008076.537, 115
Trd, 008076.625, 112.0
Trd, 008076.962, 120.0
Trd, 008077.075, 120.0
Trd, 008077.450, 124.0
Trd, 008078.062, 118
Trd, 008079.025, 119
Trd, 008088.512, 130
Trd, 008089.475, 95
Trd, 008091.312, 82
Trd, 008106.162, 71.0
Trd, 008106.175, 74.0
Trd, 008106.237, 121.0
Trd, 008106.425, 112
Trd, 008106.712, 109.0
Trd, 008107.000, 112
Trd, 008107.275, 112.0
Trd, 008108.062, 119.0
Trd, 008112.950, 115
Trd, 008115.375, 115
Trd, 008116.962, 123.0
Trd, 008131.175, 118
Trd, 008136.162, 110
Trd, 008136.300, 151.0
Trd, 008136.325, 122.0
Trd, 008136.525, 94.0
Trd, 008136.550, 74.0
Trd, 008136.812, 120.0
Trd, 008136.912, 88
Trd, 008137.337, 108
Trd, 008137.687, 110.0
Trd, 008137.762, 112
Trd, 008138.600, 105
Trd, 008139.025, 108.0
Trd, 008139.775, 120.0
Trd, 008143.912, 124.0
Trd, 008150.375, 108
Trd, 008154.687, 93
Trd, 008166.162, 108
Trd, 008166.200, 131.0
Trd, 008166.387, 103
Trd, 008166.612, 151.0
Trd, 008167.187, 122
Trd, 008167.325, 120.0
Trd, 008167.525, 109
Trd, 008167.925, 109
Trd, 008168.612, 92.0
Trd, 008168.925, 98.0
Trd, 008169.475, 118.0
Trd, 008169.575, 123
Trd, 008170.787, 109
Trd, 008173.237, 107
Trd, 008187.800, 88
Trd, 008196.375, 104
Trd, 008196.500, 106
Trd, 008196.537, 120.0
Trd, 008196.612, 93.0
Trd, 008196.812, 107
Trd, 008197.100, 120
Trd, 008197.200, 106
Trd, 008197.225, 98
Trd, 008197.350, 108.0
Trd, 008198.300, 107
Trd, 008198.387, 104
Trd, 008199.225, 104
Trd, 008199.362, 108
Trd, 008205.400, 96
Trd, 008214.337, 87
Trd, 008226.262, 111
Trd, 008226.400, 125.0
Trd, 008226.412, 111
Trd, 008226.587, 102
Trd, 008226.600, 74.0
Trd, 008226.862, 107.0
Trd, 008227.187, 111
Trd, 008227.912, 113
Trd, 008228.362, 101.0
Trd, 008228.412, 119.0
Trd, 008229.412, 117
Trd, 008229.950, 119.0
Trd, 008232.212, 121
Trd, 008238.062, 117
Trd, 008240.162, 132.0
Trd, 008246.225, 88
Trd, 008256.287, 114
Trd, 008256.350, 111
Trd, 008256.450, 110.0
Trd, 008256.612, 92.0
Trd, 008256.987, 113
Trd, 008257.112, 119.0
Trd, 008257.137, 99
Trd, 008257.162, 82
Trd, 008257.300, 107
Trd, 008258.087, 109
Trd, 008258.325, 103
Trd, 008260.237, 102
Trd, 008262.762, 120.0
Trd, 008264.262, 104
Trd, 008266.262, 124.0
Trd, 008266.425, 131.0
Trd, 008266.625, 86
Trd, 008286.187, 93.0
Trd, 008286.612, 106
Trd, 008286.837, 108.0
Trd, 008286.850, 85
Trd, 008287.012, 70.0
Trd, 008287.150, 119.0
Trd, 008287.275, 122.0
Trd, 008287.475, 112
Trd, 008288.025, 123.0
Trd, 008289.375, 120
Trd, 008289.825, 114
Trd, 008290.425, 123
Trd, 008292.737, 111
Trd, 008294.237, 122
Trd, 008296.112, 131.0
Trd, 008298.162, 111
Trd, 008316.287, 65.0
Trd, 008316.325, 69.0
Trd, 008316.550, 90
Trd, 008316.712, 92.0
Trd, 008316.775, 107
Trd, 008317.287, 93
Trd, 008317.425, 101.0
Trd, 008317.587, 98.0
Trd, 008318.100, 105
Trd, 008319.237, 107.0
Trd, 008319.300, 109
Trd, 008322.075, 117
Trd, 008324.025, 116
Trd, 008324.262, 114
Trd, 008326.800, 111
Trd, 008331.462, 119.0
Trd, 008346.300, 131.0
Trd, 008346.362, 120.0
Trd, 008346.525, 115
Trd, 008346.725, 109.0
Trd, 008346.975, 109
Trd, 008347.175, 95
Trd, 008347.237, 93
Trd, 008347.487, 119.0
Trd, 008347.525, 120
Trd, 008348.287, 110.0
Trd, 008350.162, 110
Trd, 008359.275, 108
Trd, 008363.387, 108
Trd, 008372.662, 112
Trd, 008376.300, 69.0
Trd, 008376.325, 75.0
Trd, 008376.450, 122.0
Trd, 008376.562, 111.0
Trd, 008376.712, 97.0
Trd, 008376.737, 102.0
Trd, 008377.000, 101
Trd, 008377.012, 86
Trd, 008377.050, 125.0
Trd, 008378.612, 118.0
Trd, 008381.900, 118
Trd, 008393.137, 120
Trd, 008399.037, 119
Trd, 008406.275, 102.0
Trd, 008406.587, 97.0
Trd, 008406.675, 107
Trd, 008406.775, 129
Trd, 008406.987, 110.0
Trd, 008407.150, 116
Trd, 008407.212, 100
Trd, 008407.275, 86
Trd, 008408.137, 105
Trd, 008408.337, 108.0
Trd, 008408.437, 120.0
Trd, 008410.200, 94
Trd, 008411.650, 108
Trd, 008412.587, 109
Trd, 008415.312, 107
Trd, 008419.375, 125.0
Trd, 008436.250, 75.0
Trd, 008436.425, 135
Trd, 008436.962, 84
Trd, 008436.987, 94.0
Trd, 008437.087, 108.0
Trd, 008437.700, 98.0
Trd, 008437.750, 103
Trd, 008437.775, 125.0
Trd, 008438.562, 125
Trd, 008439.450, 133.0
Trd, 008439.712, 125
Trd, 008440.925, 125
Trd, 008443.637, 118.0
Trd, 008459.712, 102
Trd, 008459.837, 114
Trd, 008464.362, 79
Trd, 008465.362, 107
Trd, 008466.575, 132.0
Trd, 008466.625, 149.0
Trd, 008466.662, 107
Trd, 008466.737, 82
Trd, 008467.062, 122.0
Trd, 008467.312, 124
Trd, 008467.550, 131
Trd, 008468.400, 118.0
Trd, 008468.850, 125
Trd, 008468.862, 118
Trd, 008468.962, 114
Trd, 008470.275, 121
Trd, 008472.050, 124
Trd, 008475.112, 121
Trd, 008475.237, 112.0
Trd, 008483.525, 82
Trd, 008489.037, 107
Trd, 008496.400, 111.0
Trd, 008496.612, 97.0
Trd, 008496.637, 75
Trd, 008496.725, 72
Trd, 008496.775, 102.0
Trd, 008496.850, 85
Trd, 008497.350, 101
Trd, 008497.975, 108
Trd, 008499.112, 108.0
Trd, 008499.150, 107
Trd, 008499.237, 118.0
Trd, 008500.525, 124.0
Trd, 008501.275, 120.0
Trd, 008503.887, 116
Trd, 008505.350, 113
Trd, 008507.950, 85
Trd, 008512.000, 117
Trd, 008521.187, 98
Trd, 008526.312, 109.0
Trd, 008526.525, 108
Trd, 008526.562, 75.0
Trd, 008526.725, 92
Trd, 008526.875, 102.0
Trd, 008527.287, 110.0
Trd, 008527.312, 99
Trd, 008527.400, 119.0
Trd, 008527.912, 113
Trd, 008527.987, 123.0
Trd, 008528.925, 112
Trd, 008529.362, 102
Trd, 008530.250, 114
Trd, 008531.212, 123
Trd, 008544.425, 98
Trd, 008545.600, 108
Trd, 008546.012, 103
Trd, 008556.412, 65.0
Trd, 008556.437, 70.0
Trd, 008557.112, 96
Trd, 008557.125, 97.0
Trd, 008557.137, 92
Trd, 008557.200, 108.0
Trd, 008557.662, 100.0
Trd, 008559.025, 118
Trd, 008559.300, 118.0
Trd, 008559.775, 112.0
Trd, 008561.500, 119
Trd, 008561.600, 120
Trd, 008562.887, 117
Trd, 008563.762, 118
Trd, 008586.062, 115
Trd, 008586.350, 78
Trd, 008586.362, 99.0
Trd, 008587.000, 102.0
Trd, 008587.025, 108.0
Trd, 008587.125, 99
Trd, 008587.150, 125.0
Trd, 008587.625, 122.0
Trd, 008588.675, 133.0
Trd, 008588.862, 121
Trd, 008590.225, 135
Trd, 008591.850, 131
Trd, 008594.512, 111.0
Trd, 008597.675, 88
Trd, 008606.337, 120
Trd, 008607.362, 108
Trd, 008615.037, 103
Trd, 008616.437, 150.0
Trd, 008616.525, 132.0
Trd, 008616.825, 119.0
Trd, 008616.862, 103
Trd, 008617.925, 111.0
Trd, 008618.212, 111
Trd, 008618.312, 105
Trd, 008618.337, 118.0
Trd, 008618.562, 121
Trd, 008618.600, 123.0
Trd, 008620.425, 107
Trd, 008621.087, 85
Trd, 008621.425, 112
Trd, 008622.125, 112
Trd, 008622.162, 111
Trd, 008625.337, 91
Trd, 008646.400, 75.0
Trd, 008646.812, 151.0
Trd, 008646.962, 118
Trd, 008647.025, 98.0
Trd, 008647.137, 97
Trd, 008647.175, 76.0
Trd, 008647.600, 119.0
Trd, 008647.637, 125.0
Trd, 008647.750, 118.0
Trd, 008647.762, 139
Trd, 008649.662, 124
Trd, 008652.762, 121
Trd, 008655.537, 130
Trd, 008662.200, 107
Trd, 008665.275, 107
Trd, 008676.437, 102.0
Trd, 008676.562, 104
Trd, 008677.037, 121.0
Trd, 008677.125, 115
Trd, 008677.137, 114
Trd, 008677.150, 101
Trd, 008677.162, 132.0
Trd, 008677.562, 125.0
Trd, 008677.675, 114
Trd, 008677.712, 112.0
Trd, 008678.412, 92.0
Trd, 008679.100, 120.0
Trd, 008682.825, 131.0
Trd, 008688.825, 106
Trd, 008695.337, 105
Trd, 008706.475, 101.0
Trd, 008706.525, 104
Trd, 008706.600, 107.0
Trd, 008706.662, 103
Trd, 008706.750, 117
Trd, 008706.762, 88
Trd, 008707.275, 94
Trd, 008707.525, 110.0
Trd, 008707.650, 110
Trd, 008707.775, 118.0
Trd, 008708.087, 124.0
Trd, 008709.337, 118
Trd, 008720.912, 120.0
Trd, 008727.212, 110
Trd, 008733.362, 108
Trd, 008736.475, 150.0
Trd, 008736.550, 87
Trd, 008736.612, 124.0
Trd, 008736.687, 111.0
Trd, 008736.812, 69.0
Trd, 008737.012, 119.0
Trd, 008737.212, 121
Trd, 008737.312, 120
Trd, 008737.912, 117
Trd, 008738.775, 115
Trd, 008739.400, 117
Trd, 008739.612, 119.0
Trd, 008748.425, 128
Trd, 008754.537, 87
Trd, 008766.062, 91
Trd, 008766.675, 106
Trd, 008766.837, 109
Trd, 008766.925, 118.0
Trd, 008766.975, 108
Trd, 008767.162, 104
Trd, 008767.762, 113
Trd, 008767.812, 111.0
Trd, 008768.137, 112
Trd, 008768.862, 125.0
Trd, 008769.512, 106
Trd, 008770.125, 107.0
Trd, 008770.650, 92.0
Trd, 008770.787, 87
Trd, 008775.312, 105
Trd, 008794.437, 100
Trd, 008796.537, 118.0
Trd, 008796.637, 117
Trd, 008796.700, 98.0
Trd, 008796.712, 111
Trd, 008796.775, 87
Trd, 008796.912, 97
Trd, 008797.000, 113
Trd, 008798.412, 102.0
Trd, 008798.762, 104
Trd, 008798.775, 110
Trd, 008799.362, 101
Trd, 008800.537, 119.0
Trd, 008813.100, 124.0
Trd, 008815.912, 116
Trd, 008819.350, 88
Trd, 008827.012, 109
Trd, 008827.300, 116
Trd, 008827.362, 111
Trd, 008827.375, 118.0
Trd, 008827.437, 111
Trd, 008827.762, 108
Trd, 008827.862, 110.0
Trd, 008828.400, 107.0
Trd, 008828.500, 113
Trd, 008828.787, 99
Trd, 008828.912, 114
Trd, 008829.250, 125.0
Trd, 008831.250, 119.0
Trd, 008833.637, 133.0
Trd, 008836.887, 99
Trd, 008856.462, 93.0
Trd, 008856.875, 150.0
Trd, 008856.987, 131.0
Trd, 008857.437, 112.0
Trd, 008857.562, 112
Trd, 008857.637, 108
Trd, 008858.150, 103
Trd, 008859.150, 121.0
Trd, 008859.737, 118
Trd, 008860.362, 121
Trd, 008860.837, 118
Trd, 008865.787, 116
Trd, 008869.825, 123.0
Trd, 008870.025, 108
Trd, 008875.875, 115
Trd, 008886.500, 97.0
Trd, 008886.550, 100.0
Trd, 008886.700, 99
Trd, 008886.750, 76.0
Trd, 008887.437, 133.0
Trd, 008888.025, 118.0
Trd, 008888.125, 115
Trd, 008888.150, 111
Trd, 008888.375, 121.0
Trd, 008888.425, 123.0
Trd, 008889.250, 115
Trd, 008891.125, 107
Trd, 008893.375, 108
Trd, 008894.525, 104
Trd, 008894.675, 108
Trd, 008895.687, 108
Trd, 008903.712, 89
Trd, 008916.562, 85
Trd, 008916.762, 90
Trd, 008916.900, 97
Trd, 008917.112, 91
Trd, 008917.150, 92.0
Trd, 008917.662, 99.0
Trd, 008917.775, 100.0
Trd, 008918.300, 104
Trd, 008918.700, 107.0
Trd, 008919.862, 96
Trd, 008919.887, 106
Trd, 008921.487, 120.0
Trd, 008925.437, 108
Trd, 008927.725, 102
Trd, 008930.475, 88
Trd, 008941.625, 111
Trd, 008946.562, 111
Trd, 008946.725, 105
Trd, 008946.837, 75.0
Trd, 008947.037, 76.0
Trd, 008947.125, 92.0
Trd, 008947.500, 97
Trd, 008947.575, 110
Trd, 008947.787, 120.0
Trd, 008947.875, 117
Trd, 008948.387, 115
Trd, 008949.025, 112
Trd, 008951.762, 125.0
Trd, 008953.212, 110
Trd, 008957.987, 110.0
Trd, 008976.612, 121.0
Trd, 008976.625, 121
Trd, 008976.787, 122
Trd, 008976.812, 75
Trd, 008976.950, 76.0
Trd, 008977.362, 99.0
Trd, 008977.537, 111
Trd, 008977.925, 95
Trd, 008978.850, 108
Trd, 008979.587, 99
Trd, 008981.175, 110
Trd, 008981.762, 120.0
Trd, 008982.350, 101
Trd, 008988.912, 125.0
