Trd, 000030.050, 154.0
Trd, 000030.090, 166
Trd, 000030.160, 139
Trd, 000030.380, 145.0
Trd, 000030.520, 144
Trd, 000030.580, 145
Trd, 000030.640, 130
Trd, 000030.760, 124
Trd, 000030.770, 120
Trd, 000030.870, 150
Trd, 000030.880, 166.0
Trd, 000030.960, 129
Trd, 000031.090, 149
Trd, 000031.370, 155.0
Trd, 000031.620, 148
Trd, 000031.850, 143.0
Trd, 000032.060, 139
Trd, 000038.420, 137.0
Trd, 000041.170, 166
Trd, 000042.360, 156
Trd, 000060.030, 123.0
Trd, 000060.170, 175.0
Trd, 000060.280, 161
Trd, 000060.460, 147
Trd, 000060.580, 154.0
Trd, 000061.190, 153
Trd, 000061.690, 170.0
Trd, 000062.210, 165.0
Trd, 000062.710, 165
Trd, 000063.250, 167.0
Trd, 000064.680, 163
Trd, 000064.790, 166
Trd, 000066.320, 151
Trd, 000066.570, 147.0
Trd, 000067.960, 151
Trd, 000074.090, 141
Trd, 000075.300, 151
Trd, 000090.050, 164.0
Trd, 000090.090, 175
Trd, 000090.450, 122.0
Trd, 000090.920, 128.0
Trd, 000090.930, 144.0
Trd, 000091.690, 167.0
Trd, 000092.560, 155.0
Trd, 000096.100, 159
Trd, 000096.340, 153.0
Trd, 000096.380, 152
Trd, 000097.850, 150
Trd, 000100.890, 151
Trd, 000101.100, 159
Trd, 000102.470, 160
Trd, 000102.940, 148
Trd, 000117.470, 145.0
Trd, 000120.310, 146
Trd, 000120.350, 145
Trd, 000120.420, 149
Trd, 000120.570, 148
Trd, 000120.580, 150
Trd, 000120.660, 152
Trd, 000120.940, 154.0
Trd, 000121.140, 148
Trd, 000121.980, 150
Trd, 000122.380, 150
Trd, 000122.680, 147
Trd, 000124.800, 145.0
Trd, 000125.030, 153.0
Trd, 000125.290, 167.0
Trd, 000126.190, 139
Trd, 000126.690, 157
Trd, 000128.240, 138.0
Trd, 000129.180, 131
Trd, 000130.870, 127
Trd, 000138.990, 162
Trd, 000146.030, 134
Trd, 000150.130, 143.0
Trd, 000150.150, 144
Trd, 000150.340, 129
Trd, 000150.380, 135
Trd, 000150.420, 144
Trd, 000150.680, 127
Trd, 000150.730, 133
Trd, 000150.770, 165.0
Trd, 000150.780, 114
Trd, 000150.970, 163.0
Trd, 000151.070, 141
Trd, 000151.170, 123.0
Trd, 000151.810, 135
Trd, 000152.400, 151
Trd, 000152.430, 138.0
Trd, 000154.230, 148
Trd, 000159.010, 152
Trd, 000164.450, 152
Trd, 000165.030, 152
Trd, 000180.130, 181
Trd, 000180.220, 157
Trd, 000180.240, 147
Trd, 000180.520, 153
Trd, 000180.570, 158
Trd, 000180.700, 147.0
Trd, 000180.760, 147
Trd, 000181.150, 153.0
Trd, 000181.970, 155
Trd, 000182.240, 154
Trd, 000182.360, 158
Trd, 000182.520, 158
Trd, 000182.580, 152
Trd, 000183.210, 149
Trd, 000184.420, 149
Trd, 000187.030, 148
Trd, 000189.100, 145
Trd, 000195.470, 140
Trd, 000195.760, 139
Trd, 000210.230, 150
Trd, 000210.260, 128.0
Trd, 000210.290, 140
Trd, 000210.440, 138
Trd, 000210.460, 155.0
Trd, 000210.540, 149
Trd, 000210.620, 152
Trd, 000210.700, 148
Trd, 000210.770, 147
Trd, 000210.890, 145
Trd, 000211.030, 128
Trd, 000211.110, 149
Trd, 000211.320, 147.0
Trd, 000212.010, 140
Trd, 000212.110, 149
Trd, 000212.710, 152
Trd, 000216.030, 139.0
Trd, 000219.210, 147
Trd, 000223.060, 141
Trd, 000223.220, 164
Trd, 000240.200, 178.0
Trd, 000240.400, 171
Trd, 000240.510, 165.0
Trd, 000240.610, 154.0
Trd, 000240.660, 153.0
Trd, 000240.830, 137.0
Trd, 000241.130, 123.0
Trd, 000241.340, 127
Trd, 000241.560, 127.0
Trd, 000242.020, 132
Trd, 000242.280, 136
Trd, 000242.390, 134
Trd, 000245.440, 134
Trd, 000245.760, 130
Trd, 000247.200, 129
Trd, 000250.840, 134
Trd, 000263.280, 137
Trd, 000264.130, 129
Trd, 000270.250, 133
Trd, 000270.320, 157
Trd, 000270.380, 160
Trd, 000270.440, 155
Trd, 000270.700, 145.0
Trd, 000270.810, 139.0
Trd, 000271.060, 146
Trd, 000271.570, 133
Trd, 000272.100, 141
Trd, 000272.310, 144
Trd, 000272.670, 142
Trd, 000272.850, 143
Trd, 000272.960, 141
Trd, 000275.190, 142
Trd, 000275.620, 147
Trd, 000275.970, 153.0
Trd, 000279.590, 135
Trd, 000281.790, 139
Trd, 000283.110, 126
Trd, 000283.340, 122
Trd, 000288.720, 163
Trd, 000300.300, 128.0
Trd, 000300.530, 172.0
Trd, 000300.560, 155.0
Trd, 000300.800, 149
Trd, 000300.940, 153
Trd, 000301.080, 175
Trd, 000301.240, 170
Trd, 000301.350, 149
Trd, 000302.550, 163
Trd, 000303.580, 163.0
Trd, 000305.290, 154.0
Trd, 000305.680, 153
Trd, 000308.900, 146.0
Trd, 000312.620, 166.0
Trd, 000313.110, 163
Trd, 000317.020, 157
Trd, 000330.270, 163
Trd, 000330.350, 151
Trd, 000330.390, 153.0
Trd, 000330.570, 148
Trd, 000330.640, 147.0
Trd, 000330.690, 141
Trd, 000330.810, 149
Trd, 000330.930, 154
Trd, 000331.590, 143.0
Trd, 000331.600, 140
Trd, 000331.770, 139.0
Trd, 000331.990, 147
Trd, 000332.180, 153.0
Trd, 000334.140, 152
Trd, 000334.440, 144
Trd, 000335.010, 142
Trd, 000335.880, 148
Trd, 000338.220, 141
Trd, 000338.920, 164
Trd, 000347.300, 144
Trd, 000360.230, 148
Trd, 000360.460, 141
Trd, 000360.590, 147
Trd, 000361.070, 172.0
Trd, 000361.080, 157
Trd, 000361.330, 154.0
Trd, 000361.510, 146.0
Trd, 000362.110, 157
Trd, 000362.950, 154
Trd, 000363.050, 165.0
Trd, 000363.580, 154.0
Trd, 000363.740, 146
Trd, 000364.530, 151
Trd, 000365.230, 153
Trd, 000365.280, 138
Trd, 000368.160, 137.0
Trd, 000370.720, 128
Trd, 000373.240, 138
Trd, 000376.940, 137
Trd, 000390.350, 133
Trd, 000390.440, 135
Trd, 000390.510, 131
Trd, 000390.670, 155.0
Trd, 000390.710, 147
Trd, 000390.980, 144
Trd, 000391.070, 129
Trd, 000391.220, 144
Trd, 000391.250, 122.0
Trd, 000391.410, 148
Trd, 000391.560, 145.0
Trd, 000391.600, 131
Trd, 000392.440, 144
Trd, 000392.530, 145
Trd, 000393.580, 149
Trd, 000394.240, 154.0
Trd, 000396.790, 163
Trd, 000399.030, 140
Trd, 000419.940, 138.0
Trd, 000420.340, 147
Trd, 000420.380, 175.0
Trd, 000420.620, 155
Trd, 000420.630, 154.0
Trd, 000420.660, 158
Trd, 000420.730, 140
Trd, 000421.190, 154
Trd, 000421.360, 148
Trd, 000421.580, 150
Trd, 000421.840, 150
Trd, 000422.120, 147.0
Trd, 000422.640, 152
Trd, 000424.010, 154.0
Trd, 000424.410, 154
Trd, 000425.940, 150
Trd, 000429.990, 151
Trd, 000432.960, 139
Trd, 000435.380, 138.0
Trd, 000450.290, 167.0
Trd, 000450.370, 163.0
Trd, 000450.760, 148
Trd, 000450.840, 152
Trd, 000450.880, 149
Trd, 000450.950, 147.0
Trd, 000451.050, 137.0
Trd, 000451.150, 142
Trd, 000451.250, 153.0
Trd, 000451.340, 115
Trd, 000451.740, 135
Trd, 000451.850, 138
Trd, 000451.900, 145
Trd, 000452.650, 135
Trd, 000457.290, 135
Trd, 000458.230, 139
Trd, 000459.970, 141
Trd, 000460.650, 127
Trd, 000463.100, 144.0
Trd, 000464.670, 146
Trd, 000477.420, 122
Trd, 000480.430, 159
Trd, 000480.630, 149
Trd, 000480.660, 148
Trd, 000480.750, 137.0
Trd, 000480.910, 129
Trd, 000480.930, 121.0
Trd, 000480.980, 139
Trd, 000481.070, 143
Trd, 000481.110, 144
Trd, 000481.650, 144.0
Trd, 000482.090, 144
Trd, 000482.520, 140
Trd, 000482.570, 144
Trd, 000483.870, 145
Trd, 000484.330, 155.0
Trd, 000484.720, 157
Trd, 000485.980, 165.0
Trd, 000491.240, 159
Trd, 000495.550, 159
Trd, 000497.560, 158
Trd, 000510.360, 152
Trd, 000510.430, 155.0
Trd, 000510.870, 157
Trd, 000510.930, 153
Trd, 000511.220, 147.0
Trd, 000511.510, 145
Trd, 000511.620, 156
Trd, 000512.080, 149
Trd, 000512.350, 167.0
Trd, 000514.460, 171
Trd, 000514.990, 172.0
Trd, 000515.330, 177
Trd, 000516.510, 163.0
Trd, 000521.590, 163
Trd, 000523.250, 161
Trd, 000525.630, 150
Trd, 000526.280, 147
Trd, 000526.420, 141
Trd, 000532.190, 137.0
Trd, 000534.300, 126
Trd, 000540.460, 154.0
Trd, 000540.520, 149
Trd, 000540.570, 145.0
Trd, 000540.640, 163.0
Trd, 000540.650, 139.0
Trd, 000540.850, 170
Trd, 000541.130, 142
Trd, 000541.590, 149
Trd, 000541.750, 144
Trd, 000541.840, 153
Trd, 000542.340, 151
Trd, 000542.940, 151
Trd, 000544.010, 150
Trd, 000545.920, 149
Trd, 000547.400, 147
Trd, 000548.730, 149
Trd, 000550.270, 148
Trd, 000561.240, 140
Trd, 000570.450, 129.0
Trd, 000570.540, 130
Trd, 000570.550, 144
Trd, 000570.830, 135
Trd, 000570.880, 143.0
Trd, 000571.160, 133
Trd, 000571.280, 136
Trd, 000571.460, 137
Trd, 000571.620, 136
Trd, 000571.880, 137.0
Trd, 000572.260, 133
Trd, 000572.280, 136
Trd, 000572.760, 133
Trd, 000573.050, 136
Trd, 000573.970, 145
Trd, 000576.420, 140
Trd, 000578.160, 154.0
Trd, 000581.570, 145
Trd, 000582.320, 126
Trd, 000586.130, 121
Trd, 000599.690, 141
Trd, 000600.470, 140
Trd, 000600.480, 144.0
Trd, 000600.730, 146.0
Trd, 000600.760, 153.0
Trd, 000600.930, 165.0
Trd, 000601.080, 148
Trd, 000601.150, 149
Trd, 000601.360, 151
Trd, 000602.510, 146
Trd, 000602.760, 149
Trd, 000602.980, 145
Trd, 000603.080, 140
Trd, 000603.640, 137.0
Trd, 000603.960, 139
Trd, 000604.920, 128
Trd, 000606.330, 148
Trd, 000609.080, 144
Trd, 000611.510, 148
Trd, 000615.570, 127
Trd, 000629.830, 123
Trd, 000630.460, 125
Trd, 000630.530, 134
Trd, 000630.610, 124
Trd, 000630.640, 127.0
Trd, 000630.760, 138
Trd, 000630.920, 134
Trd, 000631.160, 133
Trd, 000631.170, 132
Trd, 000631.380, 127
Trd, 000631.480, 130
Trd, 000632.470, 132
Trd, 000632.890, 138
Trd, 000633.020, 146
Trd, 000633.720, 125
Trd, 000633.770, 154.0
Trd, 000633.950, 154.0
Trd, 000634.560, 151
Trd, 000643.410, 164
Trd, 000645.200, 155
Trd, 000646.970, 153
Trd, 000648.830, 162
Trd, 000656.110, 121
Trd, 000660.630, 145.0
Trd, 000660.700, 120.0
Trd, 000660.820, 147
Trd, 000660.900, 165
Trd, 000660.940, 146
Trd, 000660.980, 138.0
Trd, 000661.030, 126
Trd, 000661.230, 154.0
Trd, 000661.710, 149
Trd, 000661.860, 150
Trd, 000662.080, 141
Trd, 000663.070, 144.0
Trd, 000664.530, 141
Trd, 000665.380, 145
Trd, 000665.640, 144
Trd, 000666.640, 141
Trd, 000666.910, 139
Trd, 000668.940, 144
Trd, 000669.010, 139
Trd, 000673.450, 142
Trd, 000690.610, 155.0
Trd, 000690.670, 177.0
Trd, 000690.690, 153.0
Trd, 000690.700, 139
Trd, 000690.780, 89
Trd, 000690.800, 156
Trd, 000690.970, 162
Trd, 000691.180, 155
Trd, 000691.210, 154
Trd, 000691.440, 157
Trd, 000691.950, 160
Trd, 000692.640, 155
Trd, 000694.450, 145
Trd, 000696.950, 145.0
Trd, 000698.860, 155
Trd, 000699.960, 155
Trd, 000703.030, 164
Trd, 000703.110, 139.0
Trd, 000712.280, 138
Trd, 000713.110, 127
Trd, 000720.620, 163.0
Trd, 000720.710, 153
Trd, 000720.870, 156
Trd, 000720.980, 150
Trd, 000721.030, 153
Trd, 000721.300, 147
Trd, 000721.520, 152
Trd, 000722.050, 152
Trd, 000722.480, 151
Trd, 000722.680, 145.0
Trd, 000723.370, 146
Trd, 000726.430, 144
Trd, 000729.090, 151
Trd, 000731.030, 143
Trd, 000731.570, 147
Trd, 000750.510, 177.0
Trd, 000750.690, 141
Trd, 000750.730, 158
Trd, 000750.840, 130
Trd, 000750.870, 154
Trd, 000750.880, 120
Trd, 000751.200, 128.0
Trd, 000751.690, 134
Trd, 000751.700, 137
Trd, 000752.110, 140
Trd, 000752.600, 139.0
Trd, 000753.190, 141
Trd, 000753.310, 141
Trd, 000755.230, 141
Trd, 000767.400, 142
Trd, 000780.570, 176.0
Trd, 000780.680, 124.0
Trd, 000780.950, 129.0
Trd, 000781.030, 139
Trd, 000781.180, 137.0
Trd, 000781.260, 142
Trd, 000781.300, 144
Trd, 000781.650, 140
Trd, 000782.010, 137
Trd, 000782.400, 137
Trd, 000782.530, 144.0
Trd, 000782.740, 144
Trd, 000783.370, 147
Trd, 000784.520, 144
Trd, 000784.550, 154.0
Trd, 000788.640, 166.0
Trd, 000789.700, 157
Trd, 000791.880, 153
Trd, 000799.960, 152
Trd, 000810.750, 163.0
Trd, 000810.960, 156
Trd, 000811.070, 151
Trd, 000811.170, 157
Trd, 000811.380, 150
Trd, 000811.390, 146.0
Trd, 000811.580, 146
Trd, 000811.650, 153
Trd, 000812.270, 154
Trd, 000812.310, 153
Trd, 000812.340, 148
Trd, 000812.540, 139
Trd, 000812.670, 155
Trd, 000814.560, 151
Trd, 000814.910, 153
Trd, 000816.020, 153
Trd, 000823.140, 155.0
Trd, 000830.310, 149
Trd, 000830.770, 139.0
Trd, 000840.590, 171.0
Trd, 000841.240, 152
Trd, 000841.390, 149
Trd, 000841.700, 152
Trd, 000841.710, 148
Trd, 000841.870, 152
Trd, 000842.140, 149
Trd, 000842.510, 151
Trd, 000843.320, 151
Trd, 000843.830, 150
Trd, 000843.920, 149
Trd, 000843.990, 149
Trd, 000844.290, 152
Trd, 000850.040, 148
Trd, 000854.510, 151
Trd, 000856.650, 154.0
Trd, 000856.820, 147.0
Trd, 000857.990, 165.0
Trd, 000858.200, 138.0
Trd, 000860.830, 137
Trd, 000870.650, 113
Trd, 000870.700, 140
Trd, 000870.810, 137.0
Trd, 000870.890, 144
Trd, 000871.270, 141
Trd, 000871.330, 146
Trd, 000871.420, 147
Trd, 000871.430, 148
Trd, 000871.750, 149
Trd, 000872.150, 148
Trd, 000872.360, 148
Trd, 000872.930, 149
Trd, 000875.090, 148
Trd, 000875.550, 149
Trd, 000876.590, 153.0
Trd, 000877.690, 165.0
Trd, 000877.840, 151
Trd, 000891.500, 152
Trd, 000893.280, 151
Trd, 000900.640, 153
Trd, 000900.750, 150
Trd, 000900.940, 147.0
Trd, 000901.140, 165.0
Trd, 000901.260, 171.0
Trd, 000901.330, 171
Trd, 000901.720, 169
Trd, 000901.980, 170
Trd, 000902.000, 171
Trd, 000902.230, 166
Trd, 000902.370, 153.0
Trd, 000904.310, 144
Trd, 000904.370, 139
Trd, 000904.780, 166
Trd, 000906.730, 157
Trd, 000906.860, 139.0
Trd, 000909.850, 163
Trd, 000915.550, 151
Trd, 000915.880, 128
Trd, 000917.230, 140
Trd, 000919.780, 133
Trd, 000919.890, 133
Trd, 000930.640, 132
Trd, 000930.810, 165.0
Trd, 000930.900, 162
Trd, 000930.920, 155.0
Trd, 000931.050, 168
Trd, 000931.060, 154
Trd, 000931.300, 143.0
Trd, 000931.400, 141
Trd, 000931.730, 151
Trd, 000931.740, 149
Trd, 000932.320, 172.0
Trd, 000933.160, 145
Trd, 000933.250, 145.0
Trd, 000934.750, 146
Trd, 000938.710, 146
Trd, 000946.050, 144
Trd, 000950.910, 144
Trd, 000950.940, 144
Trd, 000957.130, 138.0
Trd, 000960.700, 144
Trd, 000960.720, 137.0
Trd, 000961.040, 142
Trd, 000961.050, 155.0
Trd, 000961.210, 148
Trd, 000961.510, 150
Trd, 000961.660, 149
Trd, 000961.760, 164
Trd, 000961.850, 165.0
Trd, 000962.160, 157
Trd, 000962.980, 143.0
Trd, 000963.190, 149
Trd, 000964.120, 149
Trd, 000964.950, 149
Trd, 000965.060, 145.0
Trd, 000966.540, 147
Trd, 000969.600, 140
Trd, 000976.370, 144
Trd, 000978.650, 158
Trd, 000990.790, 121
Trd, 000990.810, 100
Trd, 000990.840, 121
Trd, 000990.920, 124
Trd, 000991.260, 122
Trd, 000991.410, 135
Trd, 000991.770, 126
Trd, 000992.210, 129.0
Trd, 000992.340, 138
Trd, 000992.500, 142
Trd, 000992.900, 130
Trd, 000993.460, 129
Trd, 000995.080, 144.0
Trd, 000998.020, 146
Trd, 001002.480, 142
Trd, 001003.080, 146
Trd, 001003.240, 155.0
Trd, 001008.530, 164
Trd, 001011.780, 142
Trd, 001020.750, 140
Trd, 001021.080, 141
Trd, 001021.130, 139
Trd, 001021.180, 153.0
Trd, 001021.250, 147.0
Trd, 001021.320, 143
Trd, 001021.510, 171.0
Trd, 001021.630, 163.0
Trd, 001022.330, 155
Trd, 001022.830, 157
Trd, 001024.680, 159
Trd, 001026.850, 164
Trd, 001027.940, 165.0
Trd, 001032.460, 153.0
Trd, 001035.580, 166
Trd, 001048.820, 143
Trd, 001050.760, 151
Trd, 001050.880, 138
Trd, 001050.900, 111
Trd, 001050.930, 144.0
Trd, 001051.220, 141
Trd, 001051.270, 153
Trd, 001051.370, 145
Trd, 001051.550, 148
Trd, 001051.940, 145
Trd, 001052.160, 147.0
Trd, 001052.370, 140
Trd, 001052.600, 141
Trd, 001055.820, 147
Trd, 001058.430, 141
Trd, 001058.610, 141
Trd, 001062.040, 147
Trd, 001065.220, 143
Trd, 001067.370, 153.0
Trd, 001068.910, 143
Trd, 001075.580, 165.0
Trd, 001079.750, 137.0
Trd, 001080.750, 152
Trd, 001080.870, 151
Trd, 001080.890, 149
Trd, 001080.990, 148
Trd, 001081.050, 176.0
Trd, 001081.430, 151
Trd, 001081.570, 146.0
Trd, 001081.700, 154.0
Trd, 001081.780, 165.0
Trd, 001082.090, 155
Trd, 001082.680, 144.0
Trd, 001083.230, 138
Trd, 001083.370, 137.0
Trd, 001083.730, 149
Trd, 001085.440, 128
Trd, 001087.760, 144
Trd, 001087.770, 144
Trd, 001090.610, 157
Trd, 001091.040, 141
Trd, 001092.890, 163
Trd, 001100.570, 122
Trd, 001110.780, 177.0
Trd, 001111.000, 147
Trd, 001111.040, 155
Trd, 001111.100, 146.0
Trd, 001111.700, 137.0
Trd, 001111.890, 149
Trd, 001112.170, 140
Trd, 001112.600, 147
Trd, 001112.970, 149
Trd, 001113.240, 149
Trd, 001113.270, 143
Trd, 001113.430, 140
Trd, 001114.290, 144.0
Trd, 001114.480, 155
Trd, 001119.750, 139
Trd, 001124.950, 155.0
Trd, 001133.660, 151
Trd, 001140.780, 172
Trd, 001140.850, 178.0
Trd, 001140.950, 127
Trd, 001141.180, 149
Trd, 001141.300, 144.0
Trd, 001141.510, 153
Trd, 001141.570, 154
Trd, 001142.080, 153
Trd, 001142.300, 153
Trd, 001142.440, 153
Trd, 001142.760, 144
Trd, 001143.070, 144
Trd, 001143.620, 146
Trd, 001143.870, 154
Trd, 001144.480, 155.0
Trd, 001145.490, 145
Trd, 001147.500, 150
Trd, 001151.810, 147
Trd, 001155.760, 140
Trd, 001159.960, 139.0
Trd, 001170.930, 129.0
Trd, 001170.950, 126
Trd, 001170.960, 130
Trd, 001171.060, 137
Trd, 001171.430, 138
Trd, 001171.440, 138
Trd, 001171.550, 140
Trd, 001171.740, 138.0
Trd, 001171.780, 144
Trd, 001172.020, 138
Trd, 001172.180, 134
Trd, 001172.310, 144.0
Trd, 001173.010, 153.0
Trd, 001173.140, 149
Trd, 001173.220, 164
Trd, 001173.490, 148
Trd, 001174.660, 147
Trd, 001174.930, 152
Trd, 001175.830, 146
Trd, 001183.150, 123
Trd, 001200.800, 76.0
Trd, 001200.850, 122.0
Trd, 001200.890, 145
Trd, 001200.980, 148
Trd, 001201.230, 134
Trd, 001201.290, 142.0
Trd, 001201.610, 129.0
Trd, 001201.790, 132
Trd, 001202.490, 133
Trd, 001202.600, 135
Trd, 001203.240, 138
Trd, 001207.310, 146
Trd, 001209.670, 155.0
Trd, 001209.920, 138
Trd, 001212.860, 149
Trd, 001222.750, 164
Trd, 001224.920, 156
Trd, 001230.980, 151
Trd, 001231.020, 148
Trd, 001231.030, 157
Trd, 001231.080, 139.0
Trd, 001231.170, 165
Trd, 001231.500, 129
Trd, 001231.650, 142.0
Trd, 001231.960, 150
Trd, 001232.730, 147
Trd, 001232.950, 147
Trd, 001232.960, 133
Trd, 001233.170, 149
Trd, 001234.440, 149
Trd, 001235.370, 139
Trd, 001236.690, 155.0
Trd, 001236.710, 165
Trd, 001244.040, 167.0
Trd, 001244.830, 157
Trd, 001245.980, 137
Trd, 001260.980, 143.0
Trd, 001261.040, 149
Trd, 001261.180, 123.0
Trd, 001261.520, 133
Trd, 001261.610, 149
Trd, 001261.630, 147.0
Trd, 001261.870, 139
Trd, 001261.970, 149
Trd, 001262.200, 144
Trd, 001262.560, 148
Trd, 001262.630, 155.0
Trd, 001263.480, 150
Trd, 001263.510, 145
Trd, 001264.180, 166.0
Trd, 001265.330, 155.0
Trd, 001265.650, 147
Trd, 001270.960, 142
Trd, 001273.290, 155
Trd, 001280.540, 141
Trd, 001291.150, 155
Trd, 001291.250, 153.0
Trd, 001291.320, 153
Trd, 001291.380, 147
Trd, 001291.420, 147
Trd, 001291.540, 151
Trd, 001291.820, 145
Trd, 001292.150, 152
Trd, 001292.460, 149
Trd, 001292.670, 152
Trd, 001292.680, 154.0
Trd, 001293.510, 147.0
Trd, 001295.570, 152
Trd, 001297.700, 150
Trd, 001298.850, 150
Trd, 001300.390, 151
Trd, 001304.780, 141
Trd, 001306.060, 138.0
Trd, 001306.450, 127
Trd, 001307.140, 121.0
Trd, 001320.900, 165.0
Trd, 001320.920, 131
Trd, 001321.060, 146.0
Trd, 001321.130, 139
Trd, 001321.140, 169
Trd, 001321.280, 156
Trd, 001321.460, 164.0
Trd, 001321.740, 153
Trd, 001321.800, 151
Trd, 001322.680, 155.0
Trd, 001323.080, 154
Trd, 001323.540, 153
Trd, 001325.510, 151
Trd, 001328.560, 152
Trd, 001330.790, 146
Trd, 001331.250, 151
Trd, 001336.760, 139
Trd, 001340.190, 144
Trd, 001343.840, 137.0
Trd, 001351.010, 147
Trd, 001351.100, 146
Trd, 001351.190, 152
Trd, 001351.240, 152
Trd, 001351.250, 154
Trd, 001351.420, 147
Trd, 001351.520, 146
Trd, 001351.760, 144
Trd, 001351.860, 150
Trd, 001352.300, 149
Trd, 001352.730, 151
Trd, 001353.070, 152
Trd, 001356.480, 147.0
Trd, 001358.840, 144
Trd, 001359.500, 148
Trd, 001361.770, 140
Trd, 001363.050, 155.0
Trd, 001365.730, 139.0
Trd, 001366.570, 145
Trd, 001380.920, 148
Trd, 001381.060, 150
Trd, 001381.190, 122.0
Trd, 001381.200, 127.0
Trd, 001381.410, 131
Trd, 001381.590, 141
Trd, 001381.640, 139
Trd, 001381.830, 143.0
Trd, 001381.870, 121
Trd, 001382.270, 139
Trd, 001382.870, 138
Trd, 001383.000, 140
Trd, 001383.700, 140
Trd, 001384.860, 140
Trd, 001389.000, 143
Trd, 001402.230, 145
Trd, 001403.140, 149
Trd, 001406.150, 137.0
Trd, 001410.930, 161
Trd, 001411.010, 146
Trd, 001411.160, 149
Trd, 001411.240, 146.0
Trd, 001411.430, 165.0
Trd, 001411.710, 154
Trd, 001411.740, 148
Trd, 001412.070, 154.0
Trd, 001412.380, 149
Trd, 001412.500, 149
Trd, 001413.520, 147
Trd, 001414.410, 140
Trd, 001414.740, 138.0
Trd, 001415.590, 142
Trd, 001415.760, 149
Trd, 001416.120, 151
Trd, 001416.440, 153
Trd, 001439.350, 147
Trd, 001441.100, 144.0
Trd, 001441.120, 139
Trd, 001441.370, 147.0
Trd, 001441.430, 144
Trd, 001441.450, 148
Trd, 001441.690, 151
Trd, 001441.800, 150
Trd, 001441.910, 150
Trd, 001441.950, 148
Trd, 001442.290, 147
Trd, 001442.630, 150
Trd, 001442.700, 146
Trd, 001445.580, 141
Trd, 001446.970, 148
Trd, 001447.500, 137.0
Trd, 001454.020, 143
Trd, 001454.220, 141
Trd, 001454.490, 148
Trd, 001458.780, 153.0
Trd, 001471.130, 145
Trd, 001471.210, 148
Trd, 001471.250, 145
Trd, 001471.270, 144
Trd, 001471.310, 118
Trd, 001471.490, 149
Trd, 001471.560, 150
Trd, 001471.770, 150
Trd, 001471.970, 150
Trd, 001472.420, 150
Trd, 001473.180, 146
Trd, 001473.220, 145.0
Trd, 001476.310, 149
Trd, 001476.800, 145
Trd, 001480.990, 140
Trd, 001482.080, 139.0
Trd, 001484.280, 146
Trd, 001485.530, 155.0
Trd, 001490.970, 145
Trd, 001501.090, 142
Trd, 001501.140, 143.0
Trd, 001501.230, 128
Trd, 001501.410, 177.0
Trd, 001501.580, 190
Trd, 001501.860, 180
Trd, 001502.160, 178.0
Trd, 001502.380, 169
Trd, 001503.510, 164.0
Trd, 001504.410, 166
Trd, 001504.890, 173
Trd, 001505.340, 164
Trd, 001506.540, 159
Trd, 001506.670, 147.0
Trd, 001515.820, 148
Trd, 001516.820, 147
Trd, 001517.190, 141
Trd, 001531.150, 146
Trd, 001531.300, 143
Trd, 001531.360, 155.0
Trd, 001531.480, 150
Trd, 001531.820, 146.0
Trd, 001531.920, 144.0
Trd, 001532.070, 142
Trd, 001532.500, 139
Trd, 001532.580, 137
Trd, 001532.600, 142
Trd, 001532.640, 142
Trd, 001532.870, 141
Trd, 001533.120, 141
Trd, 001533.550, 138
Trd, 001535.920, 155.0
Trd, 001536.630, 138
Trd, 001536.860, 167.0
Trd, 001549.190, 138.0
Trd, 001549.270, 134
Trd, 001561.090, 148
Trd, 001561.220, 145
Trd, 001561.350, 146.0
Trd, 001561.430, 142
Trd, 001561.460, 140
Trd, 001561.490, 147
Trd, 001562.170, 141
Trd, 001562.250, 141
Trd, 001562.740, 143.0
Trd, 001562.790, 144
Trd, 001563.160, 145
Trd, 001563.410, 145
Trd, 001563.820, 148
Trd, 001565.500, 153.0
Trd, 001566.410, 140
Trd, 001567.300, 139.0
Trd, 001569.780, 165
Trd, 001574.280, 134
Trd, 001575.320, 128
Trd, 001578.740, 123
Trd, 001591.080, 142
Trd, 001591.140, 98
Trd, 001591.200, 176
Trd, 001591.340, 154.0
Trd, 001591.560, 152
Trd, 001591.710, 152
Trd, 001591.980, 147.0
Trd, 001592.320, 144.0
Trd, 001592.430, 147
Trd, 001592.490, 145
Trd, 001592.770, 147
Trd, 001592.930, 144
Trd, 001594.100, 146
Trd, 001594.360, 141
Trd, 001594.390, 146
Trd, 001597.000, 145
Trd, 001599.820, 140
Trd, 001601.260, 137.0
Trd, 001601.380, 132
Trd, 001621.110, 146
Trd, 001621.220, 139
Trd, 001621.290, 143.0
Trd, 001621.530, 164.0
Trd, 001621.680, 148
Trd, 001621.700, 149
Trd, 001622.120, 148
Trd, 001622.160, 146
Trd, 001622.440, 149
Trd, 001622.620, 154.0
Trd, 001623.110, 146
Trd, 001624.120, 146.0
Trd, 001625.190, 148
Trd, 001625.430, 149
Trd, 001626.800, 147
Trd, 001628.110, 144
Trd, 001634.390, 140
Trd, 001650.480, 140
Trd, 001651.090, 157
Trd, 001651.350, 165.0
Trd, 001651.420, 155.0
Trd, 001651.640, 144.0
Trd, 001651.730, 152
Trd, 001652.030, 147
Trd, 001652.130, 140
Trd, 001652.490, 143
Trd, 001652.620, 145
Trd, 001652.920, 141
Trd, 001652.940, 139
Trd, 001653.480, 143
Trd, 001653.560, 138.0
Trd, 001653.580, 150
Trd, 001654.400, 146
Trd, 001656.790, 147
Trd, 001658.280, 146
Trd, 001667.580, 145
Trd, 001671.670, 138
Trd, 001675.350, 137
Trd, 001681.160, 147
Trd, 001681.280, 153.0
Trd, 001681.330, 177.0
Trd, 001681.450, 154.0
Trd, 001681.560, 154
Trd, 001681.580, 164
Trd, 001681.890, 154
Trd, 001682.160, 155
Trd, 001682.290, 155
Trd, 001682.360, 161
Trd, 001682.390, 154
Trd, 001682.730, 158
Trd, 001683.630, 154
Trd, 001683.700, 147.0
Trd, 001683.780, 159
Trd, 001686.620, 144
Trd, 001688.720, 140
Trd, 001689.530, 138.0
Trd, 001691.900, 126
Trd, 001703.530, 120
Trd, 001707.570, 132
Trd, 001707.850, 132
Trd, 001711.120, 177.0
Trd, 001711.190, 126
Trd, 001711.230, 127.0
Trd, 001711.250, 120
Trd, 001711.360, 144.0
Trd, 001711.590, 155.0
Trd, 001711.890, 147
Trd, 001712.030, 153.0
Trd, 001712.540, 144
Trd, 001713.310, 144
Trd, 001713.890, 147
Trd, 001714.200, 144
Trd, 001715.580, 144
Trd, 001715.810, 143
Trd, 001716.850, 143
Trd, 001717.840, 143
Trd, 001717.850, 148
Trd, 001718.630, 154
Trd, 001719.270, 141
Trd, 001721.070, 137.0
Trd, 001722.690, 139
Trd, 001730.490, 128
Trd, 001741.380, 142
Trd, 001741.390, 138.0
Trd, 001741.450, 143.0
Trd, 001741.460, 145
Trd, 001741.710, 141
Trd, 001741.740, 143
Trd, 001742.040, 142
Trd, 001742.590, 145
Trd, 001742.610, 146
Trd, 001742.750, 145
Trd, 001742.840, 143
Trd, 001743.220, 143
Trd, 001744.070, 147
Trd, 001744.140, 154.0
Trd, 001746.500, 155
Trd, 001746.800, 154
Trd, 001747.920, 153
Trd, 001753.980, 138
Trd, 001761.760, 126
Trd, 001765.020, 139
Trd, 001771.230, 165.0
Trd, 001771.240, 141
Trd, 001771.360, 155
Trd, 001771.390, 155
Trd, 001771.450, 109.0
Trd, 001771.680, 123.0
Trd, 001771.740, 143.0
Trd, 001772.140, 127.0
Trd, 001772.560, 132
Trd, 001772.850, 137
Trd, 001773.480, 139.0
Trd, 001773.500, 143
Trd, 001774.130, 138
Trd, 001774.770, 142
Trd, 001776.110, 155.0
Trd, 001776.810, 144
Trd, 001781.350, 166.0
Trd, 001783.080, 145
Trd, 001783.440, 138
Trd, 001784.830, 128
Trd, 001798.650, 138
Trd, 001801.170, 108.0
Trd, 001801.260, 147
Trd, 001801.440, 129
Trd, 001801.480, 142
Trd, 001801.580, 143
Trd, 001801.610, 144.0
Trd, 001801.890, 147.0
Trd, 001801.980, 147
Trd, 001802.110, 165.0
Trd, 001802.430, 150
Trd, 001803.320, 148
Trd, 001804.330, 149
Trd, 001804.410, 151
Trd, 001805.450, 147
Trd, 001805.970, 148
Trd, 001806.160, 140
Trd, 001810.860, 138
Trd, 001812.370, 143
Trd, 001817.470, 137.0
Trd, 001821.000, 135
Trd, 001831.200, 147
Trd, 001831.300, 145
Trd, 001831.380, 144
Trd, 001831.520, 144
Trd, 001831.610, 145
Trd, 001831.640, 163
Trd, 001831.830, 165.0
Trd, 001832.000, 157
Trd, 001832.130, 146.0
Trd, 001832.340, 141
Trd, 001832.460, 151
Trd, 001832.500, 167.0
Trd, 001832.830, 139
Trd, 001832.860, 152
Trd, 001833.880, 147
Trd, 001833.970, 140
Trd, 001835.620, 145
Trd, 001840.280, 145
Trd, 001840.600, 137.0
Trd, 001854.750, 127
Trd, 001861.350, 158
Trd, 001861.400, 137
Trd, 001861.640, 146
Trd, 001861.990, 146
Trd, 001862.280, 142.0
Trd, 001862.560, 146
Trd, 001862.600, 147
Trd, 001862.690, 148
Trd, 001863.000, 146
Trd, 001863.190, 148
Trd, 001863.830, 143
Trd, 001864.040, 147
Trd, 001864.260, 140
Trd, 001864.650, 139.0
Trd, 001868.020, 141
Trd, 001868.210, 140
Trd, 001868.870, 139
Trd, 001868.920, 155.0
Trd, 001874.200, 161
Trd, 001891.250, 123.0
Trd, 001891.450, 153.0
Trd, 001891.780, 164
Trd, 001892.220, 173.0
Trd, 001892.280, 162
Trd, 001893.040, 172
Trd, 001893.090, 165
Trd, 001893.130, 165.0
Trd, 001893.270, 155.0
Trd, 001893.570, 149
Trd, 001893.950, 153
Trd, 001894.330, 150
Trd, 001895.180, 154
Trd, 001895.440, 165.0
Trd, 001896.410, 165
Trd, 001898.550, 145.0
Trd, 001921.400, 170
Trd, 001921.580, 151
Trd, 001921.620, 140
Trd, 001921.630, 134
Trd, 001921.650, 165
Trd, 001921.770, 162
Trd, 001921.890, 144.0
Trd, 001922.040, 147
Trd, 001923.130, 149
Trd, 001924.940, 150
Trd, 001925.790, 150
Trd, 001926.650, 147
Trd, 001928.090, 146
Trd, 001928.600, 148
Trd, 001930.660, 149
Trd, 001931.150, 139
Trd, 001934.640, 139.0
Trd, 001936.030, 149
Trd, 001941.940, 127
Trd, 001951.360, 173.0
Trd, 001951.470, 182
Trd, 001951.490, 166
Trd, 001951.520, 164.0
Trd, 001951.700, 148
Trd, 001951.900, 158
Trd, 001952.030, 155
Trd, 001952.200, 154
Trd, 001952.280, 156
Trd, 001952.400, 154.0
Trd, 001952.550, 131
Trd, 001953.150, 125
Trd, 001956.000, 145
Trd, 001956.640, 156
Trd, 001957.640, 156
Trd, 001961.820, 145.0
Trd, 001969.360, 138.0
Trd, 001972.090, 129
Trd, 001976.610, 145
Trd, 001981.440, 142
Trd, 001981.550, 154.0
Trd, 001981.740, 145
Trd, 001981.850, 136
Trd, 001981.930, 136
Trd, 001982.080, 166.0
Trd, 001982.090, 172.0
Trd, 001983.190, 155.0
Trd, 001983.680, 147
Trd, 001984.320, 161
Trd, 001985.020, 162
Trd, 001985.310, 147
Trd, 001986.310, 158
Trd, 001994.400, 156
Trd, 001996.020, 154
Trd, 002005.400, 145.0
Trd, 002008.840, 139.0
Trd, 002011.480, 142.0
Trd, 002011.530, 115
Trd, 002011.640, 144
Trd, 002012.360, 177
Trd, 002012.440, 175
Trd, 002012.470, 174
Trd, 002012.480, 173.0
Trd, 002012.740, 154.0
Trd, 002013.300, 172.0
Trd, 002013.730, 171
Trd, 002013.960, 162
Trd, 002014.160, 154
Trd, 002014.600, 160
Trd, 002015.590, 167
Trd, 002017.130, 145.0
Trd, 002018.520, 157
Trd, 002021.230, 151
Trd, 002041.530, 124.0
Trd, 002041.590, 148
Trd, 002041.630, 147
Trd, 002041.750, 167.0
Trd, 002041.880, 109.0
Trd, 002042.160, 138
Trd, 002042.880, 165.0
Trd, 002043.070, 162
Trd, 002044.340, 158
Trd, 002044.410, 157
Trd, 002044.520, 154.0
Trd, 002044.640, 167
Trd, 002048.300, 163
Trd, 002049.190, 163
Trd, 002056.670, 149
Trd, 002059.360, 145.0
Trd, 002060.350, 148
Trd, 002071.470, 161
Trd, 002071.480, 158
Trd, 002071.650, 175.0
Trd, 002071.660, 165.0
Trd, 002071.740, 149
Trd, 002072.330, 157
Trd, 002072.960, 154.0
Trd, 002073.170, 154
Trd, 002073.280, 158
Trd, 002074.060, 158
Trd, 002074.380, 153
Trd, 002076.190, 148
Trd, 002076.910, 150
Trd, 002078.100, 157
Trd, 002078.780, 147.0
Trd, 002080.720, 155
Trd, 002087.170, 139.0
Trd, 002101.390, 144.0
Trd, 002101.530, 74.0
Trd, 002101.610, 124.0
Trd, 002101.660, 128.0
Trd, 002102.040, 138.0
Trd, 002102.150, 159
Trd, 002102.270, 172.0
Trd, 002102.870, 164
Trd, 002103.590, 160
Trd, 002104.220, 159
Trd, 002104.620, 165.0
Trd, 002105.300, 167
Trd, 002105.480, 170
Trd, 002108.310, 154.0
Trd, 002108.470, 170
Trd, 002109.540, 146.0
Trd, 002112.910, 139
Trd, 002115.260, 150
Trd, 002122.750, 145
Trd, 002131.380, 138
Trd, 002131.480, 146.0
Trd, 002131.570, 144.0
Trd, 002131.840, 144
Trd, 002132.050, 144
Trd, 002132.060, 147
Trd, 002132.120, 155.0
Trd, 002132.130, 167.0
Trd, 002132.370, 138
Trd, 002132.570, 122
Trd, 002133.290, 139.0
Trd, 002133.440, 142
Trd, 002133.840, 124.0
Trd, 002133.970, 134
Trd, 002134.130, 168
Trd, 002135.740, 141
Trd, 002136.940, 133
Trd, 002140.990, 144
Trd, 002143.680, 141
Trd, 002144.590, 171.0
Trd, 002149.170, 127
Trd, 002161.550, 139
Trd, 002161.570, 140
Trd, 002161.710, 139
Trd, 002161.860, 139.0
Trd, 002161.890, 141
Trd, 002162.030, 155.0
Trd, 002162.070, 174.0
Trd, 002162.310, 148
Trd, 002162.670, 143.0
Trd, 002162.950, 144
Trd, 002162.990, 147
Trd, 002163.300, 146
Trd, 002163.930, 148
Trd, 002164.360, 148
Trd, 002165.030, 167.0
Trd, 002166.470, 138
Trd, 002167.180, 130
Trd, 002169.630, 149
Trd, 002171.200, 127
Trd, 002184.720, 132
Trd, 002191.670, 135
Trd, 002191.740, 143
Trd, 002191.870, 143
Trd, 002191.980, 144
Trd, 002192.020, 146
Trd, 002192.360, 141
Trd, 002192.460, 138
Trd, 002192.530, 137.0
Trd, 002192.590, 155.0
Trd, 002192.740, 155
Trd, 002192.770, 166
Trd, 002192.940, 152
Trd, 002192.970, 145.0
Trd, 002193.390, 166.0
Trd, 002194.340, 150
Trd, 002196.420, 155
Trd, 002197.520, 155
Trd, 002205.510, 150
Trd, 002215.540, 147
Trd, 002221.550, 153.0
Trd, 002221.880, 150
Trd, 002221.960, 152
Trd, 002222.000, 148
Trd, 002222.090, 155.0
Trd, 002222.110, 146.0
Trd, 002222.320, 145
Trd, 002222.340, 165
Trd, 002222.350, 166.0
Trd, 002222.800, 158
Trd, 002222.830, 145
Trd, 002223.080, 171.0
Trd, 002223.430, 154
Trd, 002224.250, 159
Trd, 002225.790, 158
Trd, 002228.710, 154
Trd, 002235.340, 143
Trd, 002236.350, 141
Trd, 002237.420, 139.0
Trd, 002251.460, 152
Trd, 002251.520, 155.0
Trd, 002252.070, 164.0
Trd, 002252.300, 161
Trd, 002252.560, 160
Trd, 002252.640, 158
Trd, 002252.780, 164
Trd, 002253.120, 156
Trd, 002253.310, 163
Trd, 002253.700, 157
Trd, 002254.390, 147
Trd, 002256.820, 145.0
Trd, 002263.220, 165.0
Trd, 002266.330, 164
Trd, 002266.370, 145
Trd, 002267.140, 140
Trd, 002267.440, 139.0
Trd, 002270.270, 142
Trd, 002271.320, 141
Trd, 002272.510, 128
Trd, 002275.440, 130
Trd, 002281.490, 139
Trd, 002281.500, 137.0
Trd, 002281.550, 127
Trd, 002281.760, 129
Trd, 002281.940, 132
Trd, 002282.160, 132
Trd, 002282.540, 138
Trd, 002282.800, 144.0
Trd, 002283.150, 131
Trd, 002283.370, 140
Trd, 002284.300, 127
Trd, 002285.450, 129.0
Trd, 002286.570, 127
Trd, 002287.860, 135
Trd, 002288.410, 146
Trd, 002291.810, 155.0
Trd, 002292.000, 144
Trd, 002303.950, 151
Trd, 002304.340, 151
Trd, 002311.500, 152
Trd, 002311.770, 164.0
Trd, 002311.790, 156
Trd, 002311.940, 154.0
Trd, 002312.200, 167
Trd, 002312.340, 167.0
Trd, 002312.590, 154
Trd, 002312.700, 146
Trd, 002313.190, 157
Trd, 002314.080, 154
Trd, 002314.140, 140
Trd, 002314.430, 142
Trd, 002315.200, 141
Trd, 002315.300, 139.0
Trd, 002315.660, 154
Trd, 002320.080, 146.0
Trd, 002327.960, 153
Trd, 002332.870, 145
Trd, 002339.020, 128
Trd, 002341.610, 145.0
Trd, 002341.750, 153
Trd, 002341.770, 144
Trd, 002341.910, 151
Trd, 002341.970, 153
Trd, 002342.070, 153.0
Trd, 002342.360, 149
Trd, 002342.550, 149
Trd, 002342.720, 152
Trd, 002343.440, 142
Trd, 002343.720, 141
Trd, 002343.770, 145
Trd, 002344.130, 144.0
Trd, 002345.590, 143
Trd, 002345.630, 143
Trd, 002347.560, 140
Trd, 002347.950, 140
Trd, 002355.400, 137.0
Trd, 002364.620, 133
Trd, 002366.400, 132
Trd, 002371.620, 131
Trd, 002371.710, 140
Trd, 002371.800, 142.0
Trd, 002371.830, 153.0
Trd, 002372.150, 137
Trd, 002372.470, 144
Trd, 002372.490, 138.0
Trd, 002372.600, 146.0
Trd, 002372.640, 135
Trd, 002373.660, 138
Trd, 002373.830, 138
Trd, 002373.870, 139
Trd, 002373.900, 165
Trd, 002374.060, 159
Trd, 002376.190, 155.0
Trd, 002379.170, 152
Trd, 002382.000, 145
Trd, 002389.510, 155
Trd, 002391.210, 126
Trd, 002401.720, 141
Trd, 002401.740, 143
Trd, 002401.820, 177.0
Trd, 002401.940, 144.0
Trd, 002401.960, 140
Trd, 002402.060, 139.0
Trd, 002402.090, 149
Trd, 002402.420, 146.0
Trd, 002402.540, 149
Trd, 002402.970, 146
Trd, 002402.980, 142
Trd, 002403.030, 149
Trd, 002403.650, 142
Trd, 002403.790, 146
Trd, 002405.300, 147
Trd, 002407.420, 147
Trd, 002407.810, 146
Trd, 002410.440, 155.0
Trd, 002410.910, 141
Trd, 002429.240, 130
Trd, 002431.580, 164.0
Trd, 002431.640, 148
Trd, 002431.660, 170.0
Trd, 002431.770, 168
Trd, 002431.930, 138.0
Trd, 002432.200, 119
Trd, 002432.280, 116
Trd, 002432.500, 148
Trd, 002432.720, 145
Trd, 002432.920, 147.0
Trd, 002433.780, 129.0
Trd, 002434.190, 132
Trd, 002434.470, 144
Trd, 002436.670, 137
Trd, 002436.910, 139
Trd, 002437.670, 141
Trd, 002438.620, 144.0
Trd, 002444.060, 136
Trd, 002444.270, 135
Trd, 002444.300, 135
Trd, 002447.500, 135
Trd, 002458.590, 134
Trd, 002461.470, 165.0
Trd, 002461.600, 155
Trd, 002461.980, 153.0
Trd, 002462.010, 176
Trd, 002462.780, 153
Trd, 002462.800, 152
Trd, 002463.270, 154
Trd, 002463.390, 156
Trd, 002463.710, 157
Trd, 002463.780, 147
Trd, 002464.560, 146.0
Trd, 002464.570, 156
Trd, 002465.360, 152
Trd, 002465.430, 152
Trd, 002467.790, 146
Trd, 002469.010, 151
Trd, 002469.030, 144
Trd, 002470.950, 152
Trd, 002471.500, 139
Trd, 002473.970, 137.0
Trd, 002491.520, 153.0
Trd, 002491.620, 115
Trd, 002491.900, 119
Trd, 002492.090, 127.0
Trd, 002492.210, 118
Trd, 002492.440, 131
Trd, 002492.490, 144.0
Trd, 002492.620, 128
Trd, 002492.750, 141
Trd, 002493.080, 134
Trd, 002493.260, 136
Trd, 002493.400, 145.0
Trd, 002493.800, 148
Trd, 002494.930, 139
Trd, 002495.240, 137
Trd, 002495.500, 142
Trd, 002495.520, 156
Trd, 002496.850, 137
Trd, 002501.540, 166.0
Trd, 002502.350, 156
Trd, 002518.270, 136
Trd, 002521.590, 148
Trd, 002521.720, 143
Trd, 002521.750, 150
Trd, 002521.760, 139
Trd, 002521.850, 171.0
Trd, 002522.020, 147.0
Trd, 002522.110, 138.0
Trd, 002522.150, 154.0
Trd, 002522.170, 153
Trd, 002522.390, 151
Trd, 002522.440, 144
Trd, 002523.090, 155.0
Trd, 002523.940, 153
Trd, 002524.670, 149
Trd, 002526.230, 145
Trd, 002530.230, 151
Trd, 002533.490, 151
Trd, 002542.990, 140
Trd, 002544.660, 131
Trd, 002547.030, 138
Trd, 002551.610, 139.0
Trd, 002551.810, 143.0
Trd, 002551.850, 138
Trd, 002551.990, 170.0
Trd, 002552.440, 176.0
Trd, 002552.460, 162
Trd, 002552.720, 164
Trd, 002553.050, 172
Trd, 002553.630, 176.0
Trd, 002553.960, 163.0
Trd, 002555.710, 162
Trd, 002557.220, 172
Trd, 002558.940, 176
Trd, 002559.370, 160
Trd, 002561.440, 154.0
Trd, 002562.670, 149
Trd, 002562.950, 163
Trd, 002569.590, 134
Trd, 002576.080, 127
Trd, 002577.390, 134
Trd, 002580.630, 134
Trd, 002581.530, 135
Trd, 002581.630, 128.0
Trd, 002581.760, 122
Trd, 002581.850, 133
Trd, 002581.980, 118
Trd, 002581.990, 123.0
Trd, 002582.180, 142.0
Trd, 002582.390, 144
Trd, 002582.470, 153
Trd, 002582.740, 136
Trd, 002583.190, 145
Trd, 002583.290, 151
Trd, 002585.720, 140
Trd, 002585.840, 144
Trd, 002588.920, 137.0
Trd, 002597.370, 140
Trd, 002604.070, 148
Trd, 002606.110, 140
Trd, 002611.540, 143
Trd, 002611.630, 143.0
Trd, 002611.870, 144
Trd, 002611.940, 139
Trd, 002611.970, 132
Trd, 002612.590, 144
Trd, 002612.800, 146
Trd, 002612.970, 154.0
Trd, 002613.040, 165.0
Trd, 002613.450, 149
Trd, 002614.140, 149
Trd, 002614.590, 152
Trd, 002616.510, 145
Trd, 002616.900, 154.0
Trd, 002618.040, 159
Trd, 002618.420, 139
Trd, 002618.830, 148
Trd, 002622.400, 139.0
Trd, 002624.130, 126
Trd, 002631.010, 135
Trd, 002641.650, 124.0
Trd, 002641.790, 142
Trd, 002641.970, 142.0
Trd, 002642.030, 143
Trd, 002642.050, 170
Trd, 002642.090, 137
Trd, 002642.460, 149
Trd, 002642.700, 146
Trd, 002642.840, 140
Trd, 002644.160, 145
Trd, 002644.450, 140
Trd, 002646.500, 145
Trd, 002646.940, 146
Trd, 002647.420, 147
Trd, 002648.020, 139
Trd, 002653.670, 138
Trd, 002654.730, 153.0
Trd, 002659.380, 138.0
Trd, 002671.560, 128.0
Trd, 002671.670, 163.0
Trd, 002671.750, 155
Trd, 002672.730, 164
Trd, 002673.020, 165
Trd, 002673.400, 154
Trd, 002674.200, 166.0
Trd, 002674.590, 163
Trd, 002675.640, 154.0
Trd, 002676.600, 165
Trd, 002677.650, 158
Trd, 002677.750, 154
Trd, 002677.940, 167
Trd, 002681.370, 162
Trd, 002687.850, 149
Trd, 002701.700, 128
Trd, 002701.760, 128.0
Trd, 002701.800, 134
Trd, 002701.810, 138
Trd, 002701.970, 129
Trd, 002702.310, 130
Trd, 002702.360, 134
Trd, 002702.510, 134
Trd, 002702.640, 128
Trd, 002702.660, 138
Trd, 002702.800, 144.0
Trd, 002703.270, 141
Trd, 002703.320, 147
Trd, 002703.340, 153.0
Trd, 002705.050, 139
Trd, 002716.600, 155
Trd, 002716.690, 139.0
Trd, 002722.500, 128
Trd, 002730.980, 121.0
Trd, 002731.650, 165.0
Trd, 002731.710, 141
Trd, 002731.720, 167
Trd, 002732.020, 145
Trd, 002732.230, 144.0
Trd, 002732.320, 146
Trd, 002732.630, 145
Trd, 002732.770, 144
Trd, 002733.000, 146
Trd, 002733.540, 147
Trd, 002733.610, 147
Trd, 002734.060, 146
Trd, 002734.580, 143
Trd, 002734.860, 147
Trd, 002740.320, 145
Trd, 002740.550, 146
Trd, 002742.330, 152
Trd, 002744.320, 139
Trd, 002755.160, 138.0
Trd, 002761.590, 115
Trd, 002761.650, 124.0
Trd, 002761.700, 172.0
Trd, 002761.810, 154.0
Trd, 002762.150, 175.0
Trd, 002762.710, 177.0
Trd, 002762.770, 167
Trd, 002763.110, 166
Trd, 002766.190, 164
Trd, 002767.230, 166
Trd, 002767.780, 167.0
Trd, 002769.830, 163.0
Trd, 002771.270, 147
Trd, 002771.780, 174
Trd, 002773.600, 172
Trd, 002784.240, 154
Trd, 002787.030, 146.0
Trd, 002791.800, 154
Trd, 002791.840, 178.0
Trd, 002791.950, 159
Trd, 002792.270, 151
Trd, 002792.430, 155
Trd, 002792.540, 149
Trd, 002792.830, 148
Trd, 002793.030, 150
Trd, 002793.460, 149
Trd, 002793.660, 147.0
Trd, 002793.880, 151
Trd, 002794.010, 151
Trd, 002794.590, 144
Trd, 002794.710, 140
Trd, 002794.990, 151
Trd, 002796.800, 143
Trd, 002800.550, 148
Trd, 002805.270, 139.0
Trd, 002810.230, 151
Trd, 002821.670, 119.0
Trd, 002821.680, 143.0
Trd, 002821.760, 177
Trd, 002821.830, 134
Trd, 002822.260, 147
Trd, 002822.330, 143
Trd, 002822.570, 147
Trd, 002822.630, 148
Trd, 002822.920, 145
Trd, 002822.950, 148
Trd, 002823.100, 140
Trd, 002823.360, 149
Trd, 002825.320, 146.0
Trd, 002825.400, 148
Trd, 002826.010, 149
Trd, 002827.290, 166.0
Trd, 002828.470, 147
Trd, 002833.980, 148
Trd, 002841.590, 144
Trd, 002844.080, 139.0
Trd, 002851.710, 150
Trd, 002851.900, 119.0
Trd, 002852.030, 129.0
Trd, 002852.160, 170.0
Trd, 002852.640, 164.0
Trd, 002852.880, 161
Trd, 002853.170, 152
Trd, 002853.550, 153.0
Trd, 002853.770, 166.0
Trd, 002854.590, 149
Trd, 002855.490, 151
Trd, 002856.370, 165
Trd, 002856.940, 147
Trd, 002858.250, 164
Trd, 002858.310, 164
Trd, 002860.030, 145.0
Trd, 002861.210, 157
Trd, 002881.710, 142.0
Trd, 002881.790, 148
Trd, 002881.910, 122.0
Trd, 002882.030, 110.0
Trd, 002882.100, 166
Trd, 002882.110, 167.0
Trd, 002882.450, 154.0
Trd, 002883.420, 164.0
Trd, 002883.480, 155.0
Trd, 002883.860, 170
Trd, 002885.720, 154
Trd, 002887.310, 157
Trd, 002888.320, 156
Trd, 002891.350, 148
Trd, 002901.020, 147
Trd, 002903.120, 162
Trd, 002906.800, 149
Trd, 002911.820, 117
Trd, 002911.830, 122
Trd, 002911.920, 128.0
Trd, 002912.030, 115
Trd, 002912.070, 144.0
Trd, 002912.460, 147
Trd, 002912.540, 137
Trd, 002912.870, 136
Trd, 002913.070, 153.0
Trd, 002913.310, 144
Trd, 002914.420, 138
Trd, 002914.430, 142
Trd, 002914.460, 154
Trd, 002914.700, 139.0
Trd, 002914.830, 156
Trd, 002915.240, 160
Trd, 002916.870, 149
Trd, 002918.470, 149
Trd, 002919.350, 144
Trd, 002928.280, 137
Trd, 002941.690, 108
Trd, 002941.740, 141
Trd, 002941.770, 144
Trd, 002941.940, 146
Trd, 002941.980, 139.0
Trd, 002942.130, 146
Trd, 002942.580, 143
Trd, 002942.590, 141
Trd, 002942.700, 144
Trd, 002943.050, 143
Trd, 002943.070, 141
Trd, 002943.640, 142.0
Trd, 002944.360, 143
Trd, 002945.630, 142
Trd, 002949.260, 142
Trd, 002949.350, 153.0
Trd, 002949.450, 145
Trd, 002967.950, 146
Trd, 002970.780, 138
Trd, 002971.780, 164.0
Trd, 002971.790, 166.0
Trd, 002971.880, 154.0
Trd, 002971.960, 153.0
Trd, 002972.280, 149
Trd, 002972.380, 150
Trd, 002972.590, 152
Trd, 002973.020, 153
Trd, 002973.890, 148
Trd, 002974.090, 147
Trd, 002974.690, 145.0
Trd, 002974.750, 143
Trd, 002975.080, 138.0
Trd, 002975.960, 150
Trd, 002975.980, 142
Trd, 002983.580, 149
Trd, 002996.700, 142
Trd, 002997.180, 141
Trd, 003001.750, 173.0
Trd, 003001.800, 146
Trd, 003001.820, 146.0
Trd, 003001.950, 154
Trd, 003002.050, 153
Trd, 003002.240, 153
Trd, 003002.260, 154.0
Trd, 003002.430, 149
Trd, 003002.870, 148
Trd, 003003.890, 154
Trd, 003004.220, 148
Trd, 003005.460, 153
Trd, 003006.600, 147
Trd, 003008.020, 138.0
Trd, 003011.050, 137
Trd, 003011.660, 144
Trd, 003014.330, 144
Trd, 003016.680, 147
Trd, 003016.870, 127
Trd, 003031.790, 170.0
Trd, 003031.870, 147
Trd, 003032.020, 141
Trd, 003032.170, 138.0
Trd, 003032.200, 143.0
Trd, 003032.340, 143
Trd, 003032.620, 139
Trd, 003032.890, 141
Trd, 003033.250, 141
Trd, 003033.410, 145
Trd, 003033.560, 137
Trd, 003033.970, 142
Trd, 003033.980, 145
Trd, 003035.320, 153.0
Trd, 003035.880, 136
Trd, 003041.630, 145
Trd, 003046.460, 159
Trd, 003055.520, 154
Trd, 003061.680, 152
Trd, 003061.770, 143.0
Trd, 003062.060, 147
Trd, 003062.610, 147.0
Trd, 003062.760, 144
Trd, 003063.010, 149
Trd, 003063.230, 144
Trd, 003063.370, 147
Trd, 003063.400, 149
Trd, 003063.710, 149
Trd, 003064.620, 142
Trd, 003066.280, 145
Trd, 003067.450, 145
Trd, 003067.920, 142
Trd, 003068.180, 140
Trd, 003070.690, 144
Trd, 003073.900, 144
Trd, 003074.950, 137.0
Trd, 003091.700, 147
Trd, 003091.830, 183
Trd, 003091.900, 146.0
Trd, 003091.950, 153
Trd, 003092.080, 137.0
Trd, 003092.170, 148
Trd, 003092.220, 151
Trd, 003092.760, 121
Trd, 003092.790, 140
Trd, 003092.840, 141
Trd, 003093.030, 142
Trd, 003093.970, 129.0
Trd, 003094.250, 144
Trd, 003094.980, 146
Trd, 003097.170, 141
Trd, 003097.520, 154.0
Trd, 003099.040, 141
Trd, 003104.180, 140
Trd, 003107.060, 139
Trd, 003117.710, 121
Trd, 003121.930, 123.0
Trd, 003122.160, 127
Trd, 003122.220, 132
Trd, 003122.310, 129
Trd, 003122.530, 137
Trd, 003122.650, 144
Trd, 003122.680, 146
Trd, 003122.770, 143
Trd, 003123.450, 144.0
Trd, 003123.640, 154.0
Trd, 003124.160, 140
Trd, 003124.290, 145
Trd, 003124.470, 145
Trd, 003125.510, 145
Trd, 003128.360, 138
Trd, 003128.760, 138
Trd, 003130.270, 138
Trd, 003134.040, 143
Trd, 003142.300, 132
Trd, 003151.700, 158
Trd, 003151.820, 155.0
Trd, 003151.930, 139.0
Trd, 003151.970, 123.0
Trd, 003152.020, 146
Trd, 003152.050, 122
Trd, 003152.090, 120
Trd, 003152.240, 137
Trd, 003153.210, 129
Trd, 003153.450, 133
Trd, 003153.490, 134
Trd, 003153.650, 134
Trd, 003153.710, 137
Trd, 003155.070, 142.0
Trd, 003155.150, 146
Trd, 003157.150, 165
Trd, 003157.160, 158
Trd, 003165.160, 155
Trd, 003165.930, 155
Trd, 003179.310, 136
Trd, 003181.840, 128.0
Trd, 003181.920, 142.0
Trd, 003182.180, 137.0
Trd, 003182.300, 122
Trd, 003182.340, 164
Trd, 003182.600, 176.0
Trd, 003182.610, 161
Trd, 003183.680, 166
Trd, 003184.090, 158
Trd, 003184.120, 166.0
Trd, 003184.260, 172
Trd, 003184.550, 172.0
Trd, 003185.640, 145.0
Trd, 003187.850, 155.0
Trd, 003188.050, 157
Trd, 003192.480, 156
Trd, 003194.200, 156
Trd, 003194.860, 147
Trd, 003211.750, 180
Trd, 003211.780, 176.0
Trd, 003211.820, 163.0
Trd, 003212.090, 147.0
Trd, 003212.480, 162
Trd, 003212.840, 145
Trd, 003213.010, 157
Trd, 003213.190, 155.0
Trd, 003213.440, 157
Trd, 003213.530, 148
Trd, 003213.760, 155
Trd, 003214.600, 148
Trd, 003215.850, 149
Trd, 003217.740, 148
Trd, 003218.340, 138.0
Trd, 003220.190, 136
Trd, 003222.550, 154
Trd, 003234.140, 126
Trd, 003237.730, 143
Trd, 003241.940, 138
Trd, 003242.070, 139
Trd, 003242.290, 138
Trd, 003242.350, 138
Trd, 003242.370, 139
Trd, 003242.550, 143
Trd, 003242.570, 146
Trd, 003242.610, 151
Trd, 003242.790, 139.0
Trd, 003242.930, 137
Trd, 003243.460, 143.0
Trd, 003243.530, 147
Trd, 003244.180, 146
Trd, 003245.580, 153.0
Trd, 003246.470, 146
Trd, 003247.240, 145
Trd, 003251.360, 145
Trd, 003255.230, 141
Trd, 003262.710, 127
Trd, 003271.740, 128
Trd, 003271.830, 178.0
Trd, 003272.040, 178
Trd, 003272.150, 165.0
Trd, 003272.290, 146.0
Trd, 003272.410, 147
Trd, 003273.130, 153
Trd, 003273.210, 154.0
Trd, 003274.250, 166
Trd, 003274.280, 167.0
Trd, 003274.420, 153
Trd, 003276.120, 164
Trd, 003291.830, 160
Trd, 003301.920, 158
Trd, 003302.080, 153.0
Trd, 003302.240, 165.0
Trd, 003302.840, 166
Trd, 003303.020, 166.0
Trd, 003303.330, 165
Trd, 003303.480, 157
Trd, 003303.930, 157
Trd, 003304.480, 153
Trd, 003305.560, 156
Trd, 003306.630, 152
Trd, 003306.930, 162
Trd, 003315.620, 156
Trd, 003318.360, 154
Trd, 003318.870, 146.0
Trd, 003320.160, 141
Trd, 003321.260, 139.0
Trd, 003331.820, 137
Trd, 003331.900, 143
Trd, 003332.580, 151
Trd, 003332.830, 144
Trd, 003333.060, 154.0
Trd, 003333.200, 143
Trd, 003333.320, 142.0
Trd, 003334.120, 166.0
Trd, 003335.630, 165.0
Trd, 003336.000, 157
Trd, 003336.710, 161
Trd, 003337.340, 158
Trd, 003337.380, 164
Trd, 003338.200, 171.0
Trd, 003344.620, 156
Trd, 003345.460, 147.0
Trd, 003345.700, 139.0
Trd, 003356.150, 138
Trd, 003361.870, 121
Trd, 003361.880, 84
Trd, 003361.890, 128.0
Trd, 003362.020, 153.0
Trd, 003362.160, 165
Trd, 003362.230, 164.0
Trd, 003362.350, 139.0
Trd, 003362.540, 142
Trd, 003362.640, 139
Trd, 003363.050, 140
Trd, 003363.120, 146
Trd, 003364.070, 145
Trd, 003364.410, 138
Trd, 003365.650, 147
Trd, 003366.230, 155.0
Trd, 003368.470, 151
Trd, 003371.770, 146
Trd, 003371.960, 137
Trd, 003373.790, 166.0
Trd, 003391.830, 142.0
Trd, 003391.970, 148
Trd, 003392.120, 148
Trd, 003392.130, 145.0
Trd, 003392.140, 165
Trd, 003392.440, 145
Trd, 003392.450, 149
Trd, 003392.500, 145
Trd, 003393.030, 145
Trd, 003393.210, 145
Trd, 003393.340, 145
Trd, 003394.240, 144
Trd, 003395.810, 144
Trd, 003396.150, 147
Trd, 003396.720, 141
Trd, 003402.640, 137.0
Trd, 003402.750, 154.0
Trd, 003403.410, 142
Trd, 003405.080, 128
Trd, 003409.470, 138
Trd, 003419.740, 120
Trd, 003422.070, 144.0
Trd, 003422.160, 141
Trd, 003422.390, 143
Trd, 003422.550, 143
Trd, 003422.910, 141
Trd, 003422.960, 140
Trd, 003423.320, 143
Trd, 003423.690, 139
Trd, 003423.870, 143
Trd, 003424.160, 144
Trd, 003424.830, 145
Trd, 003425.930, 141
Trd, 003426.350, 146
Trd, 003427.310, 155.0
Trd, 003429.870, 141
Trd, 003439.110, 140
Trd, 003443.060, 137.0
Trd, 003450.820, 126
Trd, 003451.080, 164
Trd, 003451.830, 117
Trd, 003452.120, 176.0
Trd, 003452.410, 170.0
Trd, 003452.600, 165.0
Trd, 003452.860, 173
Trd, 003453.550, 165
Trd, 003453.930, 165.0
Trd, 003454.760, 164
Trd, 003455.170, 162
Trd, 003456.730, 162
Trd, 003457.050, 153.0
Trd, 003461.720, 145.0
Trd, 003462.510, 168
Trd, 003467.570, 161
Trd, 003473.000, 145
Trd, 003475.140, 145
Trd, 003476.100, 145
Trd, 003481.910, 76.0
Trd, 003481.920, 123.0
Trd, 003482.060, 137.0
Trd, 003482.250, 139
Trd, 003482.510, 153.0
Trd, 003483.090, 166.0
Trd, 003483.580, 152
Trd, 003484.060, 162
Trd, 003484.230, 151
Trd, 003484.300, 167
Trd, 003485.350, 155.0
Trd, 003485.740, 166
Trd, 003485.980, 166
Trd, 003486.040, 162
Trd, 003486.360, 161
Trd, 003509.320, 146
Trd, 003511.890, 143
Trd, 003512.010, 144
Trd, 003512.050, 142
Trd, 003512.080, 143
Trd, 003512.100, 137.0
Trd, 003512.300, 142
Trd, 003512.360, 143.0
Trd, 003512.490, 140
Trd, 003512.680, 149
Trd, 003513.080, 153.0
Trd, 003513.810, 144
Trd, 003513.860, 145
Trd, 003513.890, 165
Trd, 003515.100, 143
Trd, 003515.980, 140
Trd, 003516.120, 151
Trd, 003516.130, 165.0
Trd, 003516.190, 128
Trd, 003521.680, 126
Trd, 003523.760, 135
Trd, 003532.050, 127
Trd, 003541.900, 143
Trd, 003542.040, 173.0
Trd, 003542.130, 171
Trd, 003542.330, 165.0
Trd, 003543.000, 168
Trd, 003543.130, 169
Trd, 003543.280, 154.0
Trd, 003543.520, 157
Trd, 003544.310, 147.0
Trd, 003544.480, 171.0
Trd, 003544.980, 157
Trd, 003545.710, 166
Trd, 003546.570, 146
Trd, 003548.500, 159
Trd, 003557.610, 152
Trd, 003558.630, 152
Trd, 003560.290, 139
Trd, 003571.910, 93
Trd, 003571.940, 108
Trd, 003572.040, 137
Trd, 003572.170, 137
Trd, 003573.500, 127.0
Trd, 003573.540, 128
Trd, 003574.070, 125
Trd, 003574.190, 129
Trd, 003574.570, 130
Trd, 003574.800, 130
Trd, 003575.370, 132
Trd, 003576.360, 142.0
Trd, 003578.140, 145
Trd, 003579.750, 155.0
Trd, 003580.840, 154
Trd, 003581.270, 153
Trd, 003583.330, 153
Trd, 003586.000, 165.0
Trd, 003587.090, 159
Trd, 003594.710, 126
Trd, 003601.910, 154.0
Trd, 003601.950, 76
Trd, 003602.070, 174.0
Trd, 003602.100, 147.0
Trd, 003602.120, 147
Trd, 003602.180, 166
Trd, 003602.420, 155
Trd, 003602.530, 151
Trd, 003603.110, 146
Trd, 003603.450, 149
Trd, 003603.480, 149
Trd, 003604.090, 138.0
Trd, 003604.260, 149
Trd, 003605.010, 148
Trd, 003605.630, 141
Trd, 003608.000, 148
Trd, 003615.100, 143
Trd, 003617.780, 144
Trd, 003621.300, 138
Trd, 003632.020, 144
Trd, 003632.190, 122
Trd, 003632.340, 129.0
Trd, 003632.350, 135
Trd, 003632.420, 126
Trd, 003632.480, 127
Trd, 003632.780, 131
Trd, 003632.830, 143.0
Trd, 003633.140, 147
Trd, 003633.420, 130
Trd, 003633.700, 143
Trd, 003634.720, 138
Trd, 003635.480, 140
Trd, 003636.230, 146
Trd, 003640.480, 154.0
Trd, 003644.400, 142
Trd, 003645.560, 141
Trd, 003646.750, 166.0
Trd, 003654.890, 137
Trd, 003661.930, 127
Trd, 003661.970, 147
Trd, 003662.090, 137
Trd, 003662.140, 145
Trd, 003662.210, 153.0
Trd, 003662.490, 147
Trd, 003662.970, 139.0
Trd, 003663.160, 142.0
Trd, 003663.240, 141
Trd, 003663.400, 144
Trd, 003663.620, 146
Trd, 003664.800, 143
Trd, 003664.820, 145
Trd, 003668.030, 147
Trd, 003668.540, 140
Trd, 003669.170, 140
Trd, 003672.430, 142
Trd, 003683.060, 141
Trd, 003684.380, 126
Trd, 003691.500, 152
Trd, 003691.990, 152
Trd, 003692.220, 154.0
Trd, 003692.530, 152
Trd, 003692.550, 148
Trd, 003692.620, 147.0
Trd, 003692.750, 145
Trd, 003692.770, 139.0
Trd, 003693.110, 142
Trd, 003693.420, 147
Trd, 003694.140, 146
Trd, 003694.480, 146
Trd, 003695.970, 146
Trd, 003699.960, 146
Trd, 003701.620, 146
Trd, 003701.690, 142
Trd, 003706.940, 141
Trd, 003712.290, 147
Trd, 003714.870, 140
Trd, 003716.740, 165.0
Trd, 003718.450, 127
Trd, 003722.030, 143.0
Trd, 003722.100, 132
Trd, 003722.220, 143
Trd, 003722.270, 142
Trd, 003722.550, 142
Trd, 003722.580, 151
Trd, 003722.820, 139
Trd, 003722.870, 139.0
Trd, 003723.580, 142
Trd, 003723.930, 144
Trd, 003724.150, 138
Trd, 003724.310, 144
Trd, 003724.490, 145
Trd, 003724.940, 154.0
Trd, 003725.840, 165.0
Trd, 003727.050, 150
Trd, 003727.580, 147
Trd, 003728.240, 145
Trd, 003734.240, 127
Trd, 003738.700, 122
Trd, 003744.270, 121.0
Trd, 003751.940, 74.0
Trd, 003752.390, 139.0
Trd, 003752.430, 136
Trd, 003752.460, 146
Trd, 003752.490, 167.0
Trd, 003752.570, 165.0
Trd, 003753.120, 158
Trd, 003753.680, 162
Trd, 003754.690, 162
Trd, 003755.420, 155
Trd, 003755.450, 163
Trd, 003755.830, 165
Trd, 003762.930, 161
Trd, 003765.660, 155.0
Trd, 003771.140, 164
Trd, 003772.880, 148
Trd, 003775.010, 145.0
Trd, 003782.070, 173.0
Trd, 003782.160, 163
Trd, 003782.300, 155.0
Trd, 003782.410, 160
Trd, 003782.580, 159
Trd, 003782.840, 146
Trd, 003782.860, 145.0
Trd, 003783.310, 148
Trd, 003783.710, 145
Trd, 003787.030, 147
Trd, 003787.280, 145
Trd, 003787.680, 153.0
Trd, 003787.730, 154
Trd, 003787.930, 155
Trd, 003792.670, 155
Trd, 003800.540, 155
Trd, 003804.220, 141
Trd, 003812.160, 160
Trd, 003812.190, 143
Trd, 003812.330, 153
Trd, 003812.460, 154.0
Trd, 003812.540, 150
Trd, 003812.750, 129
Trd, 003812.950, 148
Trd, 003813.430, 145.0
Trd, 003813.580, 145
Trd, 003814.570, 144
Trd, 003815.370, 143
Trd, 003815.710, 144
Trd, 003817.140, 144
Trd, 003820.380, 142
Trd, 003824.070, 142
Trd, 003825.120, 142
Trd, 003828.140, 141
Trd, 003828.580, 140
Trd, 003842.130, 177.0
Trd, 003842.190, 165.0
Trd, 003842.290, 131
Trd, 003842.430, 123.0
Trd, 003842.680, 129.0
Trd, 003842.790, 143
Trd, 003843.000, 153.0
Trd, 003843.110, 147.0
Trd, 003843.210, 154
Trd, 003843.500, 138.0
Trd, 003843.580, 144
Trd, 003843.720, 143
Trd, 003843.730, 141
Trd, 003847.030, 143
Trd, 003847.060, 146
Trd, 003848.330, 164
Trd, 003851.280, 166.0
Trd, 003853.290, 159
Trd, 003854.370, 154
Trd, 003855.160, 141
Trd, 003872.080, 175.0
Trd, 003872.110, 165.0
Trd, 003872.180, 154.0
Trd, 003872.430, 143.0
Trd, 003872.570, 153.0
Trd, 003872.580, 156
Trd, 003873.110, 150
Trd, 003873.320, 138.0
Trd, 003873.340, 148
Trd, 003873.740, 147
Trd, 003874.820, 145
Trd, 003875.110, 140
Trd, 003878.230, 146
Trd, 003878.640, 141
Trd, 003878.750, 147
Trd, 003883.860, 143
Trd, 003891.010, 139
Trd, 003894.950, 131
Trd, 003897.250, 165.0
Trd, 003902.030, 146.0
Trd, 003902.100, 172
Trd, 003902.110, 164.0
Trd, 003902.260, 153.0
Trd, 003902.330, 146
Trd, 003902.350, 140
Trd, 003902.400, 154
Trd, 003902.520, 135
Trd, 003902.590, 133
Trd, 003902.900, 162
Trd, 003902.950, 163
Trd, 003904.300, 152
Trd, 003907.880, 147
Trd, 003909.570, 149
Trd, 003910.490, 148
Trd, 003911.860, 149
Trd, 003917.160, 144
Trd, 003923.250, 137.0
Trd, 003932.060, 146
Trd, 003932.200, 147
Trd, 003932.410, 147
Trd, 003932.480, 139
Trd, 003932.520, 139.0
Trd, 003932.750, 145
Trd, 003932.950, 144.0
Trd, 003933.330, 145
Trd, 003933.440, 144
Trd, 003934.640, 145
Trd, 003935.120, 141
Trd, 003935.150, 140
Trd, 003935.330, 140
Trd, 003935.530, 144
Trd, 003936.150, 155.0
Trd, 003937.060, 164
Trd, 003937.830, 167.0
Trd, 003952.570, 137
Trd, 003957.950, 127
Trd, 003962.070, 144.0
Trd, 003962.360, 138
Trd, 003962.630, 143
Trd, 003962.870, 145
Trd, 003963.020, 145
Trd, 003963.060, 137.0
Trd, 003963.390, 143
Trd, 003963.460, 135
Trd, 003963.660, 143
Trd, 003963.780, 143
Trd, 003963.990, 141
Trd, 003964.850, 140
Trd, 003967.680, 147
Trd, 003969.190, 150
Trd, 003969.630, 149
Trd, 003970.170, 144
Trd, 003970.580, 154.0
Trd, 003974.360, 137
Trd, 003987.460, 167.0
Trd, 003992.080, 153.0
Trd, 003992.110, 138.0
Trd, 003992.150, 179
Trd, 003992.220, 174.0
Trd, 003992.600, 153.0
Trd, 003992.680, 156
Trd, 003993.450, 160
Trd, 003993.670, 157
Trd, 003995.870, 156
Trd, 003996.340, 159
Trd, 003996.870, 152
Trd, 003997.990, 159
Trd, 003998.010, 159
Trd, 004000.400, 149.0
Trd, 004000.530, 149
Trd, 004000.780, 149.0
Trd, 004000.820, 147.0
Trd, 004000.990, 145
Trd, 004001.130, 140
Trd, 004001.340, 134.0
Trd, 004002.340, 132
Trd, 004003.280, 129
Trd, 004003.790, 128
Trd, 004003.860, 127
Trd, 004003.910, 126
Trd, 004010.470, 128
Trd, 004022.040, 126
Trd, 004022.050, 143.0
Trd, 004022.150, 150
Trd, 004022.220, 148
Trd, 004022.310, 134.0
Trd, 004022.410, 136
Trd, 004022.490, 138
Trd, 004022.680, 133
Trd, 004022.710, 138.0
Trd, 004022.920, 138.0
Trd, 004023.170, 140.0
Trd, 004023.460, 138
Trd, 004023.750, 138.0
Trd, 004023.790, 137
Trd, 004024.000, 140
Trd, 004024.220, 148.0
Trd, 004024.620, 139
Trd, 004025.000, 140
Trd, 004025.060, 139
Trd, 004026.560, 140
Trd, 004028.350, 140
Trd, 004029.040, 138
Trd, 004031.520, 146
Trd, 004036.950, 139
Trd, 004047.480, 127.0
Trd, 004052.210, 141
Trd, 004052.320, 140
Trd, 004052.390, 138
Trd, 004052.420, 141
Trd, 004052.440, 141
Trd, 004052.500, 141
Trd, 004052.730, 140.0
Trd, 004052.830, 142
Trd, 004053.000, 140.0
Trd, 004053.010, 139
Trd, 004053.040, 143.0
Trd, 004053.070, 138
Trd, 004053.110, 149
Trd, 004053.580, 160.0
Trd, 004053.920, 149
Trd, 004054.960, 149.0
Trd, 004055.090, 149
Trd, 004055.380, 145.0
Trd, 004055.840, 144
Trd, 004058.090, 145
Trd, 004059.150, 145
Trd, 004062.220, 140
Trd, 004068.320, 139.0
Trd, 004070.430, 133.0
Trd, 004072.020, 127
Trd, 004082.010, 148
Trd, 004082.080, 147
Trd, 004082.250, 145
Trd, 004082.260, 147
Trd, 004082.320, 149
Trd, 004082.400, 147
Trd, 004082.820, 144
Trd, 004082.970, 141
Trd, 004083.130, 137.0
Trd, 004083.220, 135.0
Trd, 004083.370, 132.0
Trd, 004083.550, 134
Trd, 004083.880, 140
Trd, 004083.920, 140
Trd, 004084.070, 134
Trd, 004084.240, 140
Trd, 004084.710, 140.0
Trd, 004084.860, 149.0
Trd, 004084.970, 143.0
Trd, 004085.730, 133
Trd, 004086.580, 150.0
Trd, 004088.050, 139
Trd, 004091.310, 155.0
Trd, 004099.150, 138
Trd, 004108.690, 126
Trd, 004112.150, 146.0
Trd, 004112.170, 162
Trd, 004112.220, 153
Trd, 004112.240, 147
Trd, 004112.310, 130.0
Trd, 004112.490, 152
Trd, 004112.530, 145
Trd, 004112.570, 147
Trd, 004113.270, 148
Trd, 004113.500, 147
Trd, 004113.540, 148.0
Trd, 004113.680, 144
Trd, 004114.030, 141
Trd, 004114.070, 142.0
Trd, 004114.220, 139.0
Trd, 004114.930, 142
Trd, 004115.100, 144
Trd, 004115.370, 144
Trd, 004116.540, 141
Trd, 004117.210, 143
Trd, 004119.980, 141
Trd, 004120.000, 138
Trd, 004120.010, 134.0
Trd, 004142.130, 134
Trd, 004142.250, 138
Trd, 004142.280, 138
Trd, 004142.300, 141
Trd, 004142.330, 136
Trd, 004142.360, 135
Trd, 004142.630, 131
Trd, 004142.930, 131
Trd, 004142.970, 129
Trd, 004143.140, 132
Trd, 004143.200, 132
Trd, 004143.240, 135
Trd, 004143.550, 133
Trd, 004143.640, 142.0
Trd, 004143.660, 147
Trd, 004144.040, 132
Trd, 004144.300, 133
Trd, 004145.170, 135
Trd, 004145.220, 138
Trd, 004145.300, 135
Trd, 004145.820, 144.0
Trd, 004147.640, 145
Trd, 004154.820, 143
Trd, 004164.260, 127.0
Trd, 004172.360, 133
Trd, 004172.380, 135
Trd, 004172.440, 135
Trd, 004172.510, 132
Trd, 004172.530, 126.0
Trd, 004172.640, 120
Trd, 004172.660, 123
Trd, 004172.800, 138
Trd, 004172.830, 142.0
Trd, 004172.910, 148.0
Trd, 004172.980, 137
Trd, 004173.310, 134.0
Trd, 004173.930, 137
Trd, 004173.980, 137
Trd, 004174.460, 140
Trd, 004174.510, 140
Trd, 004174.840, 139.0
Trd, 004174.900, 135
Trd, 004175.700, 143
Trd, 004176.630, 144.0
Trd, 004176.870, 146
Trd, 004178.360, 142
Trd, 004179.110, 142
Trd, 004181.560, 142
Trd, 004197.890, 141
Trd, 004202.060, 140
Trd, 004202.390, 139.0
Trd, 004202.410, 142.0
Trd, 004202.520, 142.0
Trd, 004202.840, 140.0
Trd, 004202.900, 143.0
Trd, 004203.040, 142
Trd, 004203.130, 148
Trd, 004203.210, 140
Trd, 004203.320, 139
Trd, 004203.940, 148
Trd, 004204.390, 144
Trd, 004204.460, 139
Trd, 004205.230, 149.0
Trd, 004205.810, 148.0
Trd, 004206.890, 147
Trd, 004207.130, 148
Trd, 004208.270, 149
Trd, 004208.900, 145
Trd, 004209.180, 148
Trd, 004213.150, 148
Trd, 004215.200, 137.0
Trd, 004219.930, 148
Trd, 004220.370, 132.0
Trd, 004225.700, 127
Trd, 004228.230, 125.0
Trd, 004232.170, 137
Trd, 004232.280, 142.0
Trd, 004232.390, 142
Trd, 004232.590, 142
Trd, 004232.680, 141
Trd, 004232.860, 140
Trd, 004233.050, 141
Trd, 004233.080, 142
Trd, 004233.180, 138
Trd, 004233.440, 143
Trd, 004233.640, 142
Trd, 004233.660, 142
Trd, 004233.740, 134
Trd, 004234.210, 144
Trd, 004234.580, 139
Trd, 004235.040, 134
Trd, 004235.180, 135
Trd, 004235.910, 141.0
Trd, 004236.290, 134
Trd, 004236.800, 139.0
Trd, 004239.050, 145
Trd, 004239.310, 147.0
Trd, 004240.940, 133.0
Trd, 004245.710, 127
Trd, 004251.960, 150.0
Trd, 004262.090, 148
Trd, 004262.160, 139
Trd, 004262.270, 144
Trd, 004262.320, 147
Trd, 004262.400, 145.0
Trd, 004262.720, 142
Trd, 004262.740, 143
Trd, 004262.780, 142
Trd, 004263.300, 139
Trd, 004263.700, 139
Trd, 004263.750, 137
Trd, 004263.840, 140.0
Trd, 004263.890, 139
Trd, 004264.250, 135
Trd, 004264.280, 138
Trd, 004265.590, 138
Trd, 004265.780, 139
Trd, 004266.410, 138
Trd, 004266.730, 138
Trd, 004267.930, 142.0
Trd, 004269.170, 137.0
Trd, 004269.770, 148.0
Trd, 004271.630, 135
Trd, 004287.820, 133.0
Trd, 004292.120, 142
Trd, 004292.180, 138
Trd, 004292.310, 177.0
Trd, 004292.320, 152
Trd, 004292.650, 135
Trd, 004292.680, 145
Trd, 004292.710, 146
Trd, 004292.820, 138
Trd, 004292.860, 146
Trd, 004293.040, 134
Trd, 004293.080, 144
Trd, 004293.290, 148
Trd, 004293.340, 142
Trd, 004293.420, 134
Trd, 004293.720, 137
Trd, 004294.600, 133
Trd, 004294.610, 132.0
Trd, 004294.710, 136
Trd, 004295.000, 133
Trd, 004295.580, 131
Trd, 004296.170, 133
Trd, 004297.700, 128
Trd, 004298.490, 144.0
Trd, 004298.600, 147.0
Trd, 004300.610, 150.0
Trd, 004308.520, 127.0
Trd, 004322.240, 135
Trd, 004322.260, 134
Trd, 004322.290, 139
Trd, 004322.310, 134
Trd, 004322.360, 145
Trd, 004322.440, 142
Trd, 004322.510, 146.0
Trd, 004322.730, 131
Trd, 004322.770, 141
Trd, 004322.900, 131
Trd, 004323.290, 134.0
Trd, 004323.390, 133
Trd, 004323.630, 141
Trd, 004323.890, 137.0
Trd, 004324.500, 141
Trd, 004324.620, 142.0
Trd, 004324.860, 133
Trd, 004325.530, 136
Trd, 004326.810, 142.0
Trd, 004326.960, 149
Trd, 004327.840, 149.0
Trd, 004328.570, 141
Trd, 004329.350, 138
Trd, 004331.180, 138
Trd, 004342.380, 143
Trd, 004352.110, 136
Trd, 004352.160, 140
Trd, 004352.320, 173.0
Trd, 004352.440, 169.0
Trd, 004352.530, 165.0
Trd, 004352.660, 153
Trd, 004352.700, 161.0
Trd, 004352.870, 157.0
Trd, 004353.380, 157.0
Trd, 004353.600, 153.0
Trd, 004353.730, 147.0
Trd, 004353.830, 148
Trd, 004354.620, 147
Trd, 004354.800, 150
Trd, 004355.690, 149
Trd, 004355.990, 152
Trd, 004357.410, 138
Trd, 004358.300, 149
Trd, 004361.350, 148
Trd, 004362.250, 147
Trd, 004362.260, 148
Trd, 004362.950, 137.0
Trd, 004372.310, 142
Trd, 004374.130, 133.0
Trd, 004382.180, 124.0
Trd, 004382.220, 140
Trd, 004382.370, 138
Trd, 004382.450, 135
Trd, 004382.620, 138
Trd, 004382.680, 134
Trd, 004382.720, 138.0
Trd, 004383.110, 133
Trd, 004383.120, 138.0
Trd, 004383.230, 142.0
Trd, 004383.330, 142.0
Trd, 004383.880, 145
Trd, 004385.200, 147.0
Trd, 004385.390, 150.0
Trd, 004385.870, 146
Trd, 004386.430, 137.0
Trd, 004386.790, 146
Trd, 004391.260, 145
Trd, 004396.650, 145
Trd, 004406.530, 138
Trd, 004410.200, 145
Trd, 004410.600, 139
Trd, 004412.160, 165
Trd, 004412.220, 150
Trd, 004412.360, 142
Trd, 004412.410, 142
Trd, 004412.630, 143
Trd, 004412.730, 148
Trd, 004412.740, 152
Trd, 004412.970, 173.0
Trd, 004413.040, 142
Trd, 004413.380, 155.0
Trd, 004413.420, 154
Trd, 004413.550, 152
Trd, 004413.860, 151
Trd, 004414.040, 147
Trd, 004414.130, 147.0
Trd, 004414.750, 150
Trd, 004414.990, 140
Trd, 004415.180, 139.0
Trd, 004415.510, 138
Trd, 004418.370, 138.0
Trd, 004419.680, 140.0
Trd, 004432.320, 134.0
Trd, 004432.960, 142.0
Trd, 004442.290, 187
Trd, 004442.420, 174.0
Trd, 004442.500, 167.0
Trd, 004442.610, 179
Trd, 004442.620, 162.0
Trd, 004442.700, 144.0
Trd, 004442.730, 136
Trd, 004442.880, 156
Trd, 004442.990, 148
Trd, 004443.000, 146.0
Trd, 004443.180, 138
Trd, 004443.220, 146
Trd, 004443.320, 139
Trd, 004443.350, 144
Trd, 004443.490, 140
Trd, 004443.730, 138
Trd, 004443.750, 137.0
Trd, 004443.920, 140
Trd, 004444.220, 140
Trd, 004444.340, 134.0
Trd, 004444.750, 133
Trd, 004445.840, 139
Trd, 004447.010, 140
Trd, 004459.820, 137
Trd, 004470.140, 128
Trd, 004472.160, 99
Trd, 004472.320, 123.0
Trd, 004472.340, 124
Trd, 004472.380, 119
Trd, 004472.480, 124
Trd, 004472.630, 128.0
Trd, 004472.650, 128.0
Trd, 004472.670, 133.0
Trd, 004472.840, 166.0
Trd, 004473.120, 144.0
Trd, 004473.280, 144
Trd, 004473.340, 143
Trd, 004473.360, 144
Trd, 004473.590, 143.0
Trd, 004474.160, 142
Trd, 004474.250, 141
Trd, 004474.530, 145
Trd, 004474.800, 140
Trd, 004475.810, 141.0
Trd, 004475.830, 139.0
Trd, 004478.760, 145
Trd, 004482.700, 143
Trd, 004484.260, 147.0
Trd, 004486.900, 142
Trd, 004488.680, 142
Trd, 004491.370, 147
Trd, 004501.310, 127
Trd, 004502.220, 149
Trd, 004502.350, 125
Trd, 004502.410, 140
Trd, 004502.440, 135
Trd, 004502.490, 133.0
Trd, 004502.510, 135
Trd, 004502.600, 131
Trd, 004502.660, 130
Trd, 004502.730, 129.0
Trd, 004502.880, 122
Trd, 004502.990, 121
Trd, 004503.270, 121
Trd, 004503.480, 120.0
Trd, 004503.490, 123
Trd, 004503.520, 130
Trd, 004503.540, 138
Trd, 004504.090, 140.0
Trd, 004504.410, 143.0
Trd, 004504.750, 147.0
Trd, 004504.800, 137.0
Trd, 004505.750, 141
Trd, 004506.280, 147
Trd, 004506.500, 150
Trd, 004507.400, 152.0
Trd, 004514.300, 152.0
Trd, 004520.120, 150
Trd, 004532.270, 176.0
Trd, 004532.280, 153.0
Trd, 004532.400, 147
Trd, 004532.580, 147
Trd, 004532.590, 135
Trd, 004532.740, 136
Trd, 004532.760, 140
Trd, 004532.810, 140
Trd, 004532.870, 135
Trd, 004533.140, 140
Trd, 004533.350, 136
Trd, 004533.630, 137
Trd, 004533.710, 140
Trd, 004533.860, 136
Trd, 004533.990, 140
Trd, 004534.370, 137.0
Trd, 004534.630, 140
Trd, 004534.710, 140
Trd, 004535.250, 144.0
Trd, 004535.540, 146
Trd, 004535.640, 141
Trd, 004535.790, 147.0
Trd, 004537.980, 151.0
Trd, 004542.730, 134.0
Trd, 004543.460, 126
Trd, 004555.540, 125.0
Trd, 004562.210, 138
Trd, 004562.370, 76.0
Trd, 004562.430, 119.0
Trd, 004562.440, 132.0
Trd, 004562.470, 142.0
Trd, 004562.510, 142.0
Trd, 004562.800, 141
Trd, 004562.840, 139.0
Trd, 004562.870, 138
Trd, 004563.160, 142
Trd, 004563.190, 142
Trd, 004563.500, 140
Trd, 004563.910, 141.0
Trd, 004564.050, 147.0
Trd, 004564.320, 150.0
Trd, 004565.000, 143
Trd, 004566.140, 150
Trd, 004566.530, 151.0
Trd, 004566.900, 153.0
Trd, 004568.640, 134.0
Trd, 004569.210, 152
Trd, 004570.960, 165
Trd, 004571.560, 132
Trd, 004571.930, 126.0
Trd, 004578.030, 126
Trd, 004578.650, 143
Trd, 004592.230, 122
Trd, 004592.270, 139
Trd, 004592.460, 130.0
Trd, 004592.480, 134.0
Trd, 004592.560, 136
Trd, 004592.650, 141.0
Trd, 004592.800, 142.0
Trd, 004592.980, 137.0
Trd, 004593.020, 142
Trd, 004593.070, 136
Trd, 004593.110, 132.0
Trd, 004593.320, 152.0
Trd, 004593.620, 149
Trd, 004593.840, 144
Trd, 004593.940, 143
Trd, 004594.140, 147.0
Trd, 004594.900, 139
Trd, 004595.200, 145
Trd, 004595.580, 143
Trd, 004596.560, 146
Trd, 004596.790, 140
Trd, 004597.120, 139
Trd, 004599.600, 146
Trd, 004599.870, 128
Trd, 004600.520, 154.0
Trd, 004604.200, 142
Trd, 004622.290, 164.0
Trd, 004622.380, 161
Trd, 004622.550, 177.0
Trd, 004622.590, 160
Trd, 004622.750, 153
Trd, 004622.810, 152.0
Trd, 004622.850, 153
Trd, 004622.980, 147
Trd, 004623.120, 140
Trd, 004623.280, 141
Trd, 004623.440, 146
Trd, 004623.590, 148
Trd, 004623.600, 151
Trd, 004624.250, 145.0
Trd, 004625.960, 143
Trd, 004626.570, 148.0
Trd, 004628.560, 146
Trd, 004630.470, 147
Trd, 004632.930, 143
Trd, 004633.020, 147
Trd, 004635.160, 147
Trd, 004640.050, 140
Trd, 004640.500, 147
Trd, 004642.060, 137.0
Trd, 004652.230, 148
Trd, 004652.310, 75.0
Trd, 004652.440, 136
Trd, 004652.480, 126
Trd, 004652.750, 129.0
Trd, 004652.820, 133.0
Trd, 004653.050, 141
Trd, 004653.210, 142.0
Trd, 004653.290, 146.0
Trd, 004653.650, 142
Trd, 004653.920, 139
Trd, 004654.010, 146
Trd, 004654.200, 140.0
Trd, 004654.310, 138.0
Trd, 004654.320, 133.0
Trd, 004654.520, 139.0
Trd, 004654.660, 127
Trd, 004655.170, 141
Trd, 004655.590, 141
Trd, 004657.620, 141
Trd, 004658.010, 141.0
Trd, 004659.720, 147.0
Trd, 004661.860, 150.0
Trd, 004668.850, 139
Trd, 004673.960, 137
Trd, 004674.580, 130
Trd, 004681.910, 135
Trd, 004682.370, 167
Trd, 004682.410, 165.0
Trd, 004682.470, 170.0
Trd, 004682.490, 169
Trd, 004682.630, 162.0
Trd, 004682.750, 150.0
Trd, 004683.090, 146.0
Trd, 004683.260, 149.0
Trd, 004683.350, 153.0
Trd, 004683.400, 153.0
Trd, 004683.430, 154.0
Trd, 004683.700, 145.0
Trd, 004683.710, 143
Trd, 004683.820, 138.0
Trd, 004684.150, 144
Trd, 004684.410, 149
Trd, 004684.910, 148
Trd, 004685.000, 148
Trd, 004685.550, 142
Trd, 004686.590, 142
Trd, 004687.630, 141
Trd, 004694.360, 132.0
Trd, 004697.290, 143
Trd, 004707.700, 128
Trd, 004712.290, 127
Trd, 004712.390, 142.0
Trd, 004712.440, 157.0
Trd, 004712.470, 142
Trd, 004712.550, 155.0
Trd, 004712.590, 149
Trd, 004712.710, 135
Trd, 004712.880, 140
Trd, 004713.000, 139
Trd, 004713.080, 141.0
Trd, 004713.110, 145
Trd, 004713.150, 138
Trd, 004713.300, 146.0
Trd, 004713.360, 141
Trd, 004713.470, 142.0
Trd, 004713.650, 142
Trd, 004713.700, 143
Trd, 004713.890, 137.0
Trd, 004714.220, 137
Trd, 004715.070, 142
Trd, 004715.780, 133.0
Trd, 004717.560, 147
Trd, 004728.750, 135
Trd, 004735.230, 148.0
Trd, 004742.260, 139
Trd, 004742.330, 122.0
Trd, 004742.430, 110
Trd, 004742.470, 125
Trd, 004742.560, 132
Trd, 004742.600, 115
Trd, 004742.660, 135
Trd, 004742.720, 144.0
Trd, 004742.910, 136
Trd, 004742.970, 129
Trd, 004743.170, 133
Trd, 004743.370, 133
Trd, 004743.390, 134
Trd, 004743.650, 136
Trd, 004743.690, 146
Trd, 004743.830, 132.0
Trd, 004744.390, 141
Trd, 004745.040, 127
Trd, 004745.810, 142.0
Trd, 004747.990, 146
Trd, 004748.340, 140
Trd, 004751.200, 148.0
Trd, 004751.640, 139
Trd, 004760.680, 138
Trd, 004772.390, 154.0
Trd, 004772.540, 168
Trd, 004772.550, 163.0
Trd, 004772.560, 157
Trd, 004772.640, 158.0
Trd, 004772.730, 157
Trd, 004772.990, 154
Trd, 004773.160, 153
Trd, 004773.170, 154.0
Trd, 004773.460, 155
Trd, 004773.490, 154
Trd, 004773.560, 150.0
Trd, 004773.690, 147.0
Trd, 004773.820, 149
Trd, 004773.960, 138.0
Trd, 004775.990, 143
Trd, 004776.430, 142
Trd, 004777.530, 141
Trd, 004777.790, 144
Trd, 004779.200, 140
Trd, 004782.090, 145
Trd, 004783.670, 133
Trd, 004787.130, 143
Trd, 004787.490, 132.0
Trd, 004796.670, 141
Trd, 004802.290, 110
Trd, 004802.390, 119
Trd, 004802.600, 131
Trd, 004802.610, 132
Trd, 004802.720, 140
Trd, 004802.910, 142.0
Trd, 004802.960, 133.0
Trd, 004803.070, 142
Trd, 004803.430, 135
Trd, 004803.450, 137
Trd, 004803.650, 126
Trd, 004803.680, 139
Trd, 004804.010, 140
Trd, 004804.070, 136
Trd, 004804.220, 137
Trd, 004805.010, 142.0
Trd, 004805.120, 145
Trd, 004805.230, 135
Trd, 004805.370, 145.0
Trd, 004806.700, 143
Trd, 004806.900, 125.0
Trd, 004808.480, 148.0
Trd, 004812.290, 152.0
Trd, 004815.000, 135
Trd, 004832.300, 135
Trd, 004832.410, 144.0
Trd, 004832.430, 138
Trd, 004832.560, 149.0
Trd, 004832.620, 137.0
Trd, 004832.700, 152.0
Trd, 004832.810, 167.0
Trd, 004832.880, 154
Trd, 004832.970, 150.0
Trd, 004833.220, 172.0
Trd, 004833.300, 145.0
Trd, 004833.750, 155.0
Trd, 004834.130, 153.0
Trd, 004834.140, 154
Trd, 004834.180, 162
Trd, 004834.240, 152
Trd, 004835.970, 153
Trd, 004839.570, 160
Trd, 004840.380, 146
Trd, 004841.880, 160
Trd, 004844.790, 138.0
Trd, 004846.750, 143
Trd, 004848.510, 138
Trd, 004862.330, 165.0
Trd, 004862.420, 148
Trd, 004862.580, 168
Trd, 004862.640, 157
Trd, 004862.650, 162.0
Trd, 004862.700, 154
Trd, 004862.780, 154
Trd, 004862.950, 151.0
Trd, 004863.020, 150.0
Trd, 004863.100, 146.0
Trd, 004863.180, 154
Trd, 004863.310, 148
Trd, 004863.340, 146
Trd, 004863.440, 153.0
Trd, 004863.520, 139.0
Trd, 004863.920, 142.0
Trd, 004864.160, 144
Trd, 004866.140, 142
Trd, 004867.290, 145
Trd, 004867.300, 146
Trd, 004871.390, 145
Trd, 004874.920, 141
Trd, 004883.820, 138
Trd, 004886.180, 133.0
Trd, 004892.310, 141
Trd, 004892.370, 138
Trd, 004892.500, 148.0
Trd, 004892.630, 146.0
Trd, 004892.650, 155.0
Trd, 004892.720, 169
Trd, 004892.770, 144
Trd, 004892.950, 139
Trd, 004893.180, 143.0
Trd, 004893.250, 152.0
Trd, 004893.290, 144
Trd, 004893.600, 139.0
Trd, 004893.730, 139
Trd, 004893.880, 142.0
Trd, 004894.120, 142
Trd, 004894.330, 142
Trd, 004894.890, 147
Trd, 004895.000, 133
Trd, 004895.340, 147
Trd, 004895.420, 142
Trd, 004895.890, 147
Trd, 004895.910, 147
Trd, 004899.820, 133.0
Trd, 004901.140, 146
Trd, 004902.460, 127
Trd, 004922.320, 74.0
Trd, 004922.360, 129.0
Trd, 004922.510, 146.0
Trd, 004922.590, 145.0
Trd, 004922.600, 143
Trd, 004922.740, 134.0
Trd, 004922.770, 123
Trd, 004922.820, 138.0
Trd, 004922.930, 150.0
Trd, 004922.940, 153.0
Trd, 004922.990, 172.0
Trd, 004923.730, 159
Trd, 004923.960, 150.0
Trd, 004924.000, 150
Trd, 004924.130, 165
Trd, 004924.360, 151
Trd, 004924.530, 140
Trd, 004924.810, 160
Trd, 004925.900, 144
Trd, 004925.950, 164
Trd, 004926.870, 144
Trd, 004928.440, 160
Trd, 004929.980, 139
Trd, 004934.210, 134.0
Trd, 004941.080, 139
Trd, 004941.940, 139
Trd, 004952.310, 139
Trd, 004952.440, 122
Trd, 004952.450, 152.0
Trd, 004952.580, 155.0
Trd, 004952.590, 152.0
Trd, 004952.620, 147
Trd, 004952.650, 154
Trd, 004952.820, 173
Trd, 004952.900, 167.0
Trd, 004953.590, 161
Trd, 004953.790, 166
Trd, 004953.850, 160
Trd, 004953.990, 157
Trd, 004954.040, 147.0
Trd, 004954.750, 162.0
Trd, 004955.130, 158
Trd, 004955.390, 146
Trd, 004956.470, 153
Trd, 004957.560, 169
Trd, 004958.270, 172
Trd, 004959.050, 138.0
Trd, 004959.660, 136
Trd, 004963.840, 141
Trd, 004977.840, 133.0
Trd, 004982.330, 154.0
Trd, 004982.430, 127
Trd, 004982.460, 145
Trd, 004982.550, 172.0
Trd, 004982.560, 133.0
Trd, 004982.570, 127
Trd, 004982.620, 164.0
Trd, 004982.770, 142
Trd, 004982.930, 150
Trd, 004983.010, 129
Trd, 004983.060, 138.0
Trd, 004983.080, 151.0
Trd, 004983.210, 165
Trd, 004983.260, 151
Trd, 004983.300, 146.0
Trd, 004984.110, 156
Trd, 004984.350, 150.0
Trd, 004984.440, 140
Trd, 004985.080, 151
Trd, 004985.520, 147
Trd, 004985.560, 153
Trd, 004985.690, 126.0
Trd, 004986.240, 150
Trd, 004986.620, 166.0
Trd, 004993.120, 119
