Trd, 000030.200, 91
Trd, 000031.100, 119
Trd, 000032.250, 111
Trd, 000032.900, 103
Trd, 000049.350, 102
Trd, 000061.650, 108
Trd, 000064.950, 107
Trd, 000069.700, 106
Trd, 000075.650, 102
Trd, 000090.700, 105
Trd, 000091.500, 94
Trd, 000093.150, 94
Trd, 000096.500, 91
Trd, 000121.050, 94
Trd, 000121.500, 94
Trd, 000129.150, 93
Trd, 000133.650, 102
Trd, 000151.800, 97
Trd, 000153.000, 95
Trd, 000156.200, 98
Trd, 000160.050, 97
Trd, 000180.650, 98
Trd, 000181.950, 110
Trd, 000182.950, 103
Trd, 000184.650, 99
Trd, 000196.950, 112
Trd, 000211.700, 106
Trd, 000218.950, 106
Trd, 000220.850, 104
Trd, 000225.900, 98
Trd, 000245.050, 104
Trd, 000246.950, 106
Trd, 000251.900, 102
Trd, 000271.250, 105
Trd, 000275.000, 103
Trd, 000306.250, 105
Trd, 000307.050, 101
Trd, 000334.600, 105
Trd, 000335.800, 100
Trd, 000352.500, 99
Trd, 000365.250, 106
Trd, 000366.950, 99
Trd, 000395.650, 103
Trd, 000398.150, 104
Trd, 000413.700, 98
Trd, 000421.900, 97
Trd, 000423.450, 99
Trd, 000427.950, 98
Trd, 000447.550, 98
Trd, 000451.550, 83
Trd, 000451.850, 87
Trd, 000452.150, 99
Trd, 000453.600, 91
Trd, 000481.150, 78
Trd, 000481.950, 82
Trd, 000485.400, 95
Trd, 000485.800, 91
Trd, 000493.700, 106
Trd, 000511.800, 94
Trd, 000512.200, 96
Trd, 000515.550, 92
Trd, 000522.500, 91
Trd, 000541.100, 103
Trd, 000542.300, 106
Trd, 000544.450, 102
Trd, 000565.950, 98
Trd, 000571.600, 90
Trd, 000571.800, 100
Trd, 000572.850, 108
Trd, 000575.450, 103
Trd, 000601.450, 102
Trd, 000603.850, 101
Trd, 000607.850, 126
Trd, 000631.550, 103
Trd, 000643.500, 119
Trd, 000652.900, 101
Trd, 000662.750, 109
Trd, 000675.600, 102
Trd, 000694.000, 105
Trd, 000703.600, 101
Trd, 000721.300, 100
Trd, 000725.000, 99
Trd, 000727.750, 103
Trd, 000741.750, 104
Trd, 000753.350, 98
Trd, 000753.750, 104
Trd, 000759.450, 99
Trd, 000771.550, 105
Trd, 000783.250, 103
Trd, 000792.050, 112
Trd, 000814.700, 100
Trd, 000818.400, 99
Trd, 000821.400, 99
Trd, 000827.550, 98
Trd, 000842.950, 99
Trd, 000844.400, 100
Trd, 000867.250, 101
Trd, 000873.900, 101
Trd, 000880.050, 98
Trd, 000881.650, 98
Trd, 000882.350, 101
Trd, 000902.850, 97
Trd, 000903.650, 93
Trd, 000903.800, 96
Trd, 000907.150, 95
Trd, 000916.150, 88
Trd, 000934.300, 95
Trd, 000935.000, 94
Trd, 000935.250, 95
Trd, 000946.800, 116
Trd, 000963.450, 103
Trd, 000963.900, 102
Trd, 000964.250, 83
Trd, 000993.100, 98
Trd, 001001.750, 103
Trd, 001003.400, 97
Trd, 001005.650, 90
Trd, 001022.850, 103
Trd, 001028.700, 102
Trd, 001032.300, 95
Trd, 001054.700, 102
Trd, 001055.650, 102
Trd, 001055.800, 103
Trd, 001080.600, 104
Trd, 001083.950, 104
Trd, 001085.750, 102
Trd, 001095.550, 104
Trd, 001113.800, 104
Trd, 001117.050, 106
Trd, 001117.100, 101
Trd, 001121.650, 93
Trd, 001143.400, 105
Trd, 001143.600, 103
Trd, 001143.650, 104
Trd, 001148.300, 97
Trd, 001178.500, 103
Trd, 001180.250, 102
Trd, 001185.650, 103
Trd, 001192.100, 101
Trd, 001205.200, 100
Trd, 001205.250, 103
Trd, 001208.350, 100
Trd, 001210.150, 94
Trd, 001233.900, 103
Trd, 001234.550, 107
Trd, 001235.450, 127
Trd, 001264.150, 106
Trd, 001268.200, 107
Trd, 001273.800, 103
Trd, 001295.650, 106
Trd, 001300.200, 104
Trd, 001324.100, 103
Trd, 001325.850, 106
Trd, 001329.200, 102
Trd, 001355.100, 106
Trd, 001370.850, 101
Trd, 001374.950, 106
Trd, 001382.850, 105
Trd, 001384.100, 105
Trd, 001384.800, 73
Trd, 001384.850, 76
Trd, 001384.950, 86
Trd, 001414.350, 98
Trd, 001414.450, 89
Trd, 001416.000, 99
Trd, 001418.400, 97
Trd, 001444.400, 77
Trd, 001455.750, 120
Trd, 001472.150, 112
Trd, 001472.950, 110
Trd, 001475.050, 94
Trd, 001475.700, 105
Trd, 001479.050, 103
Trd, 001485.250, 103
Trd, 001500.400, 101
Trd, 001504.350, 106
Trd, 001508.650, 104
Trd, 001508.800, 99
Trd, 001518.050, 106
Trd, 001535.850, 107
Trd, 001545.000, 103
Trd, 001569.950, 102
Trd, 001571.600, 106
Trd, 001572.150, 101
Trd, 001594.750, 101
Trd, 001596.050, 100
Trd, 001614.450, 97
Trd, 001621.300, 92
Trd, 001625.350, 96
Trd, 001625.450, 96
Trd, 001625.700, 97
Trd, 001634.200, 97
Trd, 001646.650, 94
Trd, 001655.600, 97
Trd, 001656.650, 94
Trd, 001656.700, 94
Trd, 001667.850, 97
Trd, 001687.300, 97
Trd, 001687.650, 98
Trd, 001691.800, 104
Trd, 001696.850, 113
Trd, 001715.300, 104
Trd, 001716.350, 105
Trd, 001725.650, 108
Trd, 001746.550, 109
Trd, 001748.650, 110
Trd, 001760.200, 104
Trd, 001771.100, 105
Trd, 001775.600, 95
Trd, 001776.300, 99
Trd, 001777.000, 99
Trd, 001778.250, 99
Trd, 001779.700, 88
Trd, 001805.950, 100
Trd, 001806.150, 99
Trd, 001809.450, 98
Trd, 001809.650, 79
Trd, 001817.350, 99
Trd, 001836.500, 92
Trd, 001838.050, 94
Trd, 001838.850, 92
Trd, 001842.450, 94
Trd, 001863.250, 115
Trd, 001865.750, 101
Trd, 001866.650, 103
Trd, 001867.600, 102
Trd, 001868.600, 101
Trd, 001896.250, 101
Trd, 001896.400, 104
Trd, 001897.150, 127
Trd, 001915.500, 101
Trd, 001926.000, 91
Trd, 001926.950, 84
Trd, 001929.700, 89
Trd, 001946.600, 96
Trd, 001956.000, 91
Trd, 001956.400, 99
Trd, 001956.550, 96
Trd, 001967.850, 94
Trd, 001969.700, 93
Trd, 001986.150, 97
Trd, 001986.700, 95
Trd, 001992.450, 95
Trd, 002007.500, 94
Trd, 002016.150, 98
Trd, 002016.350, 98
Trd, 002017.750, 98
Trd, 002025.850, 92
Trd, 002033.750, 119
Trd, 002048.600, 100
Trd, 002048.850, 105
Trd, 002051.100, 101
Trd, 002063.950, 94
Trd, 002076.500, 103
Trd, 002077.200, 103
Trd, 002078.750, 102
Trd, 002096.800, 82
Trd, 002106.500, 102
Trd, 002113.300, 97
Trd, 002136.500, 115
Trd, 002136.800, 106
Trd, 002146.600, 93
Trd, 002159.750, 106
Trd, 002170.050, 101
Trd, 002178.100, 100
Trd, 002179.150, 100
Trd, 002194.100, 95
Trd, 002200.100, 97
Trd, 002201.350, 97
Trd, 002206.650, 99
Trd, 002210.200, 94
Trd, 002226.700, 99
Trd, 002228.450, 99
Trd, 002230.250, 99
Trd, 002231.600, 98
Trd, 002238.600, 97
Trd, 002257.350, 65
Trd, 002258.200, 72
Trd, 002260.600, 86
Trd, 002263.200, 94
Trd, 002286.550, 88
Trd, 002289.000, 100
Trd, 002291.700, 94
Trd, 002317.100, 80
Trd, 002318.100, 72
Trd, 002318.900, 83
Trd, 002325.450, 98
Trd, 002346.950, 102
Trd, 002347.400, 102
Trd, 002348.750, 99
Trd, 002366.300, 93
Trd, 002371.250, 83
Trd, 002377.000, 70
Trd, 002383.050, 105
Trd, 002384.750, 104
Trd, 002406.750, 102
Trd, 002419.450, 103
Trd, 002432.400, 106
Trd, 002437.300, 111
Trd, 002441.850, 108
Trd, 002448.900, 103
Trd, 002449.700, 108
Trd, 002468.500, 103
Trd, 002468.600, 104
Trd, 002475.050, 104
Trd, 002494.200, 94
Trd, 002495.100, 85
Trd, 002498.050, 99
Trd, 002498.950, 98
Trd, 002508.300, 97
Trd, 002523.350, 102
Trd, 002527.550, 102
Trd, 002528.150, 101
Trd, 002535.750, 101
Trd, 002551.450, 94
Trd, 002557.350, 89
Trd, 002557.700, 95
Trd, 002559.400, 91
Trd, 002564.350, 130
Trd, 002575.750, 107
Trd, 002588.450, 99
Trd, 002593.950, 99
Trd, 002598.900, 95
Trd, 002610.300, 99
Trd, 002610.800, 85
Trd, 002617.800, 98
Trd, 002622.550, 98
Trd, 002629.550, 98
Trd, 002631.150, 95
Trd, 002648.700, 97
Trd, 002650.100, 96
Trd, 002650.650, 94
Trd, 002662.050, 98
Trd, 002679.550, 98
Trd, 002681.350, 98
Trd, 002695.000, 94
Trd, 002707.500, 68
Trd, 002718.250, 131
Trd, 002720.200, 117
Trd, 002737.600, 107
Trd, 002739.000, 105
Trd, 002745.050, 102
Trd, 002761.800, 104
Trd, 002767.600, 96
Trd, 002768.850, 95
Trd, 002772.500, 87
Trd, 002779.900, 93
Trd, 002793.150, 127
Trd, 002797.750, 103
Trd, 002798.000, 100
Trd, 002799.500, 99
Trd, 002800.900, 110
Trd, 002801.550, 106
Trd, 002827.500, 107
Trd, 002829.100, 96
Trd, 002829.400, 78
Trd, 002830.250, 97
Trd, 002845.700, 113
Trd, 002857.950, 103
Trd, 002858.450, 96
Trd, 002859.200, 92
Trd, 002860.200, 114
Trd, 002888.750, 86
Trd, 002889.000, 93
Trd, 002889.550, 98
Trd, 002906.650, 101
Trd, 002918.000, 129
Trd, 002918.250, 112
Trd, 002919.150, 107
Trd, 002948.250, 105
Trd, 002948.950, 104
Trd, 002949.050, 105
Trd, 002954.100, 105
Trd, 002977.700, 90
Trd, 002978.000, 99
Trd, 002992.900, 133
Trd, 003009.050, 93
Trd, 003009.850, 102
Trd, 003010.050, 98
Trd, 003019.150, 98
Trd, 003037.800, 100
Trd, 003039.350, 97
Trd, 003043.400, 95
Trd, 003047.850, 94
Trd, 003068.600, 106
Trd, 003069.700, 99
Trd, 003073.850, 92
Trd, 003083.700, 99
Trd, 003095.750, 98
Trd, 003105.150, 95
Trd, 003109.800, 94
Trd, 003114.150, 90
Trd, 003119.500, 94
Trd, 003120.750, 89
Trd, 003128.750, 95
Trd, 003135.950, 90
Trd, 003138.450, 94
Trd, 003145.350, 95
Trd, 003158.100, 95
Trd, 003159.150, 95
Trd, 003159.900, 113
Trd, 003169.800, 94
Trd, 003183.700, 83
Trd, 003188.800, 127
Trd, 003198.850, 93
Trd, 003218.900, 86
Trd, 003219.600, 89
Trd, 003219.750, 96
Trd, 003222.550, 86
Trd, 003229.900, 92
Trd, 003248.550, 91
Trd, 003256.050, 116
Trd, 003260.550, 90
Trd, 003278.700, 112
Trd, 003279.250, 103
Trd, 003282.400, 98
Trd, 003283.750, 83
Trd, 003308.750, 108
Trd, 003309.650, 105
Trd, 003310.400, 104
Trd, 003339.250, 103
Trd, 003340.200, 104
Trd, 003342.250, 102
Trd, 003368.400, 105
Trd, 003373.100, 105
Trd, 003378.100, 107
Trd, 003399.900, 103
Trd, 003400.250, 104
Trd, 003400.700, 103
Trd, 003402.050, 104
Trd, 003427.950, 107
Trd, 003428.600, 102
Trd, 003429.100, 104
Trd, 003430.350, 103
Trd, 003436.450, 102
Trd, 003459.850, 101
Trd, 003460.350, 103
Trd, 003463.350, 103
Trd, 003469.000, 101
Trd, 003489.250, 101
Trd, 003489.300, 100
Trd, 003491.350, 93
Trd, 003501.700, 100
Trd, 003518.600, 99
Trd, 003519.400, 100
Trd, 003527.550, 100
Trd, 003551.350, 104
Trd, 003552.050, 104
Trd, 003553.000, 90
Trd, 003563.500, 114
Trd, 003580.250, 108
Trd, 003597.300, 104
Trd, 003610.100, 103
Trd, 003614.550, 102
Trd, 003627.950, 108
Trd, 003634.700, 101
Trd, 003640.600, 101
Trd, 003641.700, 104
Trd, 003669.850, 100
Trd, 003687.800, 103
Trd, 003690.350, 103
Trd, 003701.050, 99
Trd, 003701.250, 99
Trd, 003703.950, 101
Trd, 003729.200, 102
Trd, 003736.700, 98
Trd, 003737.550, 101
Trd, 003759.600, 127
Trd, 003759.700, 103
Trd, 003760.200, 105
Trd, 003762.900, 82
Trd, 003790.250, 103
Trd, 003790.950, 104
Trd, 003791.700, 103
Trd, 003791.750, 98
Trd, 003811.900, 89
Trd, 003819.600, 98
Trd, 003834.300, 105
Trd, 003850.050, 104
Trd, 003852.450, 114
Trd, 003861.300, 105
Trd, 003883.700, 104
Trd, 003888.700, 109
Trd, 003912.900, 107
Trd, 003940.000, 107
Trd, 003940.100, 103
Trd, 003967.400, 105
Trd, 003973.900, 102
Trd, 003976.400, 105
Trd, 003981.550, 105
Trd, 004000.500, 101
Trd, 004007.200, 105
Trd, 004034.800, 104
Trd, 004034.900, 101
Trd, 004043.900, 103
Trd, 004065.100, 103
Trd, 004083.350, 100
Trd, 004083.400, 102
Trd, 004090.000, 100
Trd, 004090.100, 103
Trd, 004095.850, 100
Trd, 004121.700, 99
Trd, 004124.150, 99
Trd, 004142.200, 101
Trd, 004148.300, 101
Trd, 004151.650, 98
Trd, 004154.350, 101
Trd, 004158.700, 100
Trd, 004178.650, 98
Trd, 004180.300, 97
Trd, 004183.450, 100
Trd, 004199.950, 96
Trd, 004204.950, 99
Trd, 004210.900, 97
Trd, 004234.200, 97
Trd, 004238.350, 97
Trd, 004240.750, 95
Trd, 004243.300, 94
Trd, 004243.850, 97
Trd, 004246.050, 96
Trd, 004274.800, 96
Trd, 004278.450, 96
Trd, 004278.950, 94
Trd, 004279.350, 96
Trd, 004300.050, 100
Trd, 004300.900, 81
Trd, 004301.500, 94
Trd, 004310.400, 98
Trd, 004329.100, 69
Trd, 004329.950, 90
Trd, 004330.750, 100
Trd, 004331.550, 97
Trd, 004335.500, 94
Trd, 004360.600, 96
Trd, 004361.750, 94
Trd, 004363.100, 96
Trd, 004367.150, 94
Trd, 004376.750, 128
Trd, 004390.350, 102
Trd, 004390.700, 103
Trd, 004404.400, 101
Trd, 004420.450, 103
Trd, 004420.700, 100
Trd, 004424.250, 102
Trd, 004450.650, 102
Trd, 004452.350, 83
Trd, 004454.750, 96
Trd, 004454.850, 99
Trd, 004481.150, 102
Trd, 004481.450, 102
Trd, 004482.950, 99
Trd, 004486.000, 103
Trd, 004486.950, 90
Trd, 004511.850, 98
Trd, 004512.450, 102
Trd, 004523.050, 98
Trd, 004541.200, 102
Trd, 004542.100, 101
Trd, 004546.100, 105
Trd, 004571.200, 101
Trd, 004571.900, 104
Trd, 004575.200, 102
Trd, 004603.650, 100
Trd, 004606.250, 101
Trd, 004608.400, 101
Trd, 004631.250, 102
Trd, 004639.700, 99
Trd, 004642.650, 101
Trd, 004660.800, 101
Trd, 004662.400, 101
Trd, 004663.250, 101
Trd, 004665.650, 94
Trd, 004690.650, 101
Trd, 004697.950, 103
Trd, 004710.400, 107
Trd, 004721.050, 106
Trd, 004722.200, 104
Trd, 004723.600, 104
Trd, 004751.950, 100
Trd, 004752.000, 100
Trd, 004756.950, 99
Trd, 004768.300, 92
Trd, 004781.200, 90
Trd, 004781.600, 99
Trd, 004784.300, 96
Trd, 004791.400, 99
Trd, 004811.550, 95
Trd, 004826.550, 118
Trd, 004832.550, 103
Trd, 004835.100, 107
Trd, 004840.800, 107
Trd, 004848.600, 103
Trd, 004857.300, 127
Trd, 004861.750, 92
Trd, 004871.350, 104
Trd, 004880.250, 105
Trd, 004880.600, 106
Trd, 004892.650, 100
Trd, 004901.800, 107
Trd, 004905.300, 106
Trd, 004920.550, 104
Trd, 004931.550, 90
Trd, 004932.050, 90
Trd, 004932.550, 98
Trd, 004935.500, 97
Trd, 004961.550, 94
Trd, 004962.200, 95
Trd, 004962.450, 97
Trd, 004962.800, 127
Trd, 004969.850, 76
Trd, 004991.200, 93
Trd, 004995.400, 104
Trd, 005021.250, 98
Trd, 005030.400, 98
Trd, 005045.050, 121
Trd, 005054.950, 110
Trd, 005062.100, 105
Trd, 005067.450, 103
Trd, 005084.250, 104
Trd, 005086.850, 108
Trd, 005119.100, 106
Trd, 005122.400, 103
Trd, 005144.050, 104
Trd, 005144.600, 103
Trd, 005145.250, 102
Trd, 005154.200, 94
Trd, 005181.200, 101
Trd, 005182.050, 100
Trd, 005183.150, 101
Trd, 005201.600, 99
Trd, 005202.850, 98
Trd, 005204.600, 101
Trd, 005233.700, 102
Trd, 005234.850, 99
Trd, 005248.250, 96
Trd, 005251.100, 95
Trd, 005272.350, 99
Trd, 005283.250, 99
Trd, 005284.900, 94
Trd, 005292.550, 87
Trd, 005293.300, 91
Trd, 005295.700, 99
Trd, 005297.600, 94
Trd, 005322.000, 94
Trd, 005322.900, 99
Trd, 005323.000, 97
Trd, 005325.800, 93
Trd, 005328.550, 81
Trd, 005338.150, 127
Trd, 005352.100, 99
Trd, 005352.350, 101
Trd, 005352.800, 100
Trd, 005360.050, 94
Trd, 005382.150, 92
Trd, 005382.800, 99
Trd, 005385.050, 105
Trd, 005393.650, 100
Trd, 005397.250, 127
Trd, 005412.500, 99
Trd, 005413.500, 106
Trd, 005443.200, 105
Trd, 005444.000, 107
Trd, 005466.400, 107
Trd, 005467.800, 101
Trd, 005476.350, 104
Trd, 005502.750, 95
Trd, 005503.900, 92
Trd, 005504.600, 89
Trd, 005507.200, 93
Trd, 005532.550, 90
Trd, 005533.350, 93
Trd, 005549.300, 126
Trd, 005562.750, 102
Trd, 005563.700, 103
Trd, 005566.700, 102
Trd, 005592.750, 103
Trd, 005599.650, 102
Trd, 005599.850, 101
Trd, 005622.800, 101
Trd, 005624.000, 101
Trd, 005626.000, 100
Trd, 005647.900, 102
Trd, 005653.450, 103
Trd, 005655.900, 103
Trd, 005661.800, 102
Trd, 005685.300, 103
Trd, 005693.800, 101
Trd, 005704.200, 103
Trd, 005710.450, 103
Trd, 005713.850, 103
Trd, 005715.450, 103
Trd, 005720.000, 101
Trd, 005722.050, 102
Trd, 005742.400, 104
Trd, 005745.500, 104
Trd, 005753.900, 100
Trd, 005754.550, 104
Trd, 005760.350, 99
Trd, 005773.700, 103
Trd, 005774.300, 105
Trd, 005774.450, 98
Trd, 005777.100, 106
Trd, 005802.700, 131
Trd, 005803.750, 106
Trd, 005809.700, 100
Trd, 005833.250, 102
Trd, 005838.400, 102
Trd, 005839.700, 103
Trd, 005844.700, 99
Trd, 005846.750, 89
Trd, 005863.000, 104
Trd, 005864.750, 102
Trd, 005873.600, 95
Trd, 005892.750, 101
Trd, 005905.200, 131
Trd, 005924.350, 105
Trd, 005925.600, 104
Trd, 005929.100, 105
Trd, 005929.500, 94
Trd, 005952.200, 93
Trd, 005952.900, 106
Trd, 005953.500, 92
Trd, 005954.850, 96
Trd, 005962.200, 127
Trd, 005984.000, 105
Trd, 005984.750, 106
Trd, 005987.850, 101
Trd, 005992.250, 103
Trd, 006013.200, 103
Trd, 006018.350, 102
Trd, 006024.500, 103
Trd, 006043.800, 104
Trd, 006059.500, 101
Trd, 006060.400, 101
Trd, 006073.150, 118
Trd, 006074.350, 107
Trd, 006078.450, 97
Trd, 006103.100, 107
Trd, 006108.800, 103
Trd, 006134.100, 103
Trd, 006136.550, 99
Trd, 006141.250, 98
Trd, 006163.250, 68
Trd, 006169.000, 98
Trd, 006170.300, 95
Trd, 006193.550, 84
Trd, 006193.750, 86
Trd, 006194.050, 108
Trd, 006194.600, 106
Trd, 006196.200, 100
Trd, 006223.350, 99
Trd, 006225.600, 101
Trd, 006230.900, 100
Trd, 006257.400, 99
Trd, 006259.350, 100
Trd, 006259.650, 98
Trd, 006278.000, 101
Trd, 006284.350, 100
Trd, 006305.350, 97
Trd, 006313.700, 98
Trd, 006314.600, 100
Trd, 006317.450, 100
Trd, 006320.000, 100
Trd, 006344.200, 95
Trd, 006344.500, 97
Trd, 006345.700, 100
Trd, 006352.850, 83
Trd, 006373.300, 99
Trd, 006374.350, 99
Trd, 006382.600, 99
Trd, 006403.850, 99
Trd, 006404.550, 99
Trd, 006405.750, 99
Trd, 006407.200, 85
Trd, 006411.250, 90
Trd, 006433.850, 114
Trd, 006438.600, 104
Trd, 006439.700, 103
Trd, 006446.000, 86
Trd, 006463.700, 104
Trd, 006485.950, 104
Trd, 006486.050, 103
Trd, 006488.400, 103
Trd, 006495.650, 104
Trd, 006496.850, 104
Trd, 006500.000, 102
Trd, 006511.050, 105
Trd, 006527.300, 103
Trd, 006530.000, 102
Trd, 006533.950, 101
Trd, 006555.900, 100
Trd, 006560.300, 102
Trd, 006566.300, 101
Trd, 006584.400, 101
Trd, 006587.100, 102
Trd, 006590.100, 100
Trd, 006607.650, 103
Trd, 006613.700, 113
Trd, 006623.800, 101
Trd, 006626.300, 100
Trd, 006639.800, 99
Trd, 006644.250, 101
Trd, 006644.650, 104
Trd, 006645.600, 107
Trd, 006657.400, 127
Trd, 006660.850, 112
Trd, 006673.850, 111
Trd, 006674.200, 110
Trd, 006677.900, 111
Trd, 006684.250, 113
Trd, 006704.600, 113
Trd, 006706.500, 113
Trd, 006712.350, 104
Trd, 006729.950, 114
Trd, 006734.000, 109
Trd, 006737.500, 102
Trd, 006738.200, 103
Trd, 006749.950, 103
Trd, 006765.050, 102
Trd, 006765.500, 103
Trd, 006766.450, 103
Trd, 006782.450, 115
Trd, 006797.050, 108
Trd, 006797.350, 105
Trd, 006805.750, 107
Trd, 006825.500, 108
Trd, 006826.200, 108
Trd, 006830.950, 109
Trd, 006834.550, 104
Trd, 006854.150, 105
Trd, 006855.700, 98
Trd, 006855.750, 96
Trd, 006870.900, 101
Trd, 006884.550, 114
Trd, 006886.300, 108
Trd, 006888.050, 103
Trd, 006914.850, 67
Trd, 006914.950, 86
Trd, 006944.800, 84
Trd, 006949.450, 99
Trd, 006964.350, 95
Trd, 006974.550, 96
Trd, 006976.000, 100
Trd, 006979.450, 94
Trd, 006981.550, 99
Trd, 007004.550, 100
Trd, 007007.300, 99
Trd, 007018.200, 99
Trd, 007022.450, 101
Trd, 007034.850, 77
Trd, 007035.350, 95
Trd, 007035.750, 93
Trd, 007039.100, 102
Trd, 007065.550, 97
Trd, 007075.150, 97
Trd, 007088.500, 94
Trd, 007100.000, 96
Trd, 007100.100, 93
Trd, 007105.850, 94
Trd, 007109.350, 94
Trd, 007120.450, 99
Trd, 007125.100, 96
Trd, 007126.000, 97
Trd, 007154.800, 117
Trd, 007156.750, 122
Trd, 007161.150, 103
Trd, 007185.050, 100
Trd, 007185.250, 99
Trd, 007188.650, 97
Trd, 007214.950, 106
Trd, 007215.100, 103
Trd, 007216.950, 106
Trd, 007217.950, 104
Trd, 007241.100, 120
Trd, 007246.900, 107
Trd, 007249.050, 107
Trd, 007251.750, 103
Trd, 007271.950, 89
Trd, 007275.450, 107
Trd, 007276.550, 102
Trd, 007285.300, 100
Trd, 007285.500, 97
Trd, 007289.400, 106
Trd, 007305.350, 102
Trd, 007310.300, 105
Trd, 007340.650, 105
Trd, 007358.050, 103
Trd, 007365.050, 128
Trd, 007366.100, 91
Trd, 007396.950, 101
Trd, 007407.350, 94
Trd, 007426.300, 101
Trd, 007428.700, 96
Trd, 007436.250, 101
Trd, 007461.750, 99
Trd, 007475.250, 96
Trd, 007487.200, 97
Trd, 007498.700, 97
Trd, 007508.200, 95
Trd, 007516.200, 94
Trd, 007516.400, 97
Trd, 007531.450, 101
Trd, 007545.800, 99
Trd, 007547.800, 99
Trd, 007552.450, 101
Trd, 007565.250, 93
Trd, 007576.350, 101
Trd, 007576.900, 101
Trd, 007577.750, 104
Trd, 007605.600, 103
Trd, 007608.150, 99
Trd, 007609.550, 103
Trd, 007610.700, 103
Trd, 007635.900, 102
Trd, 007641.800, 101
Trd, 007660.500, 94
Trd, 007663.800, 102
Trd, 007671.450, 101
Trd, 007671.750, 99
Trd, 007673.500, 98
Trd, 007699.500, 99
Trd, 007704.100, 97
Trd, 007705.450, 98
Trd, 007731.750, 98
Trd, 007733.950, 98
Trd, 007745.950, 96
Trd, 007746.050, 96
Trd, 007757.850, 97
Trd, 007759.100, 95
Trd, 007759.750, 96
Trd, 007786.950, 95
Trd, 007789.350, 95
Trd, 007792.450, 95
Trd, 007812.700, 94
Trd, 007824.550, 96
Trd, 007837.750, 94
Trd, 007846.650, 97
Trd, 007863.900, 97
Trd, 007868.050, 93
Trd, 007876.000, 98
Trd, 007877.300, 99
Trd, 007905.150, 97
Trd, 007912.600, 99
Trd, 007915.300, 96
Trd, 007919.050, 99
Trd, 007936.500, 87
Trd, 007937.150, 78
Trd, 007937.400, 85
Trd, 007964.750, 99
Trd, 007966.300, 90
Trd, 007971.100, 99
Trd, 007976.500, 121
Trd, 007977.550, 111
Trd, 008002.750, 105
Trd, 008006.000, 107
Trd, 008009.050, 105
Trd, 008026.800, 105
Trd, 008032.950, 107
Trd, 008060.750, 108
Trd, 008076.650, 104
Trd, 008076.850, 104
Trd, 008086.650, 103
Trd, 008094.550, 105
Trd, 008102.750, 104
Trd, 008110.100, 105
Trd, 008117.150, 105
Trd, 008117.400, 105
Trd, 008118.300, 102
Trd, 008146.900, 104
Trd, 008162.700, 115
Trd, 008165.200, 126
Trd, 008170.900, 102
Trd, 008176.900, 119
Trd, 008177.500, 101
Trd, 008186.350, 102
Trd, 008206.850, 101
Trd, 008206.950, 100
Trd, 008208.550, 100
Trd, 008210.550, 101
Trd, 008220.650, 94
Trd, 008237.950, 101
Trd, 008238.050, 102
Trd, 008241.800, 99
Trd, 008248.450, 99
Trd, 008272.350, 101
Trd, 008273.600, 98
Trd, 008276.750, 101
Trd, 008295.300, 98
Trd, 008297.200, 97
Trd, 008299.750, 99
Trd, 008306.850, 96
Trd, 008327.500, 95
Trd, 008331.600, 98
Trd, 008339.150, 95
Trd, 008357.550, 122
Trd, 008358.450, 100
Trd, 008358.700, 103
Trd, 008368.650, 91
Trd, 008389.500, 102
Trd, 008390.450, 99
Trd, 008418.550, 98
Trd, 008421.300, 98
Trd, 008421.900, 101
Trd, 008438.250, 101
Trd, 008447.900, 99
Trd, 008464.650, 99
Trd, 008478.350, 97
Trd, 008481.400, 96
Trd, 008483.100, 101
Trd, 008498.150, 104
Trd, 008511.350, 99
Trd, 008515.700, 97
Trd, 008515.750, 96
Trd, 008524.600, 95
Trd, 008538.250, 95
Trd, 008543.700, 133
Trd, 008556.000, 127
Trd, 008568.350, 130
Trd, 008575.850, 116
Trd, 008584.150, 104
Trd, 008589.450, 125
Trd, 008598.100, 75
Trd, 008606.850, 125
Trd, 008607.350, 119
Trd, 008609.700, 118
Trd, 008628.700, 109
Trd, 008633.700, 107
Trd, 008635.000, 106
Trd, 008636.250, 102
Trd, 008658.900, 105
Trd, 008664.500, 106
Trd, 008673.500, 104
Trd, 008681.050, 113
Trd, 008688.550, 106
Trd, 008689.600, 107
Trd, 008697.750, 107
Trd, 008701.100, 105
Trd, 008704.500, 103
Trd, 008719.800, 97
Trd, 008721.700, 96
Trd, 008721.850, 96
Trd, 008731.050, 113
Trd, 008736.750, 93
Trd, 008748.500, 87
Trd, 008750.250, 102
Trd, 008750.900, 102
Trd, 008759.800, 111
Trd, 008778.450, 104
Trd, 008780.350, 104
Trd, 008782.150, 104
Trd, 008789.150, 103
Trd, 008808.850, 104
Trd, 008809.500, 102
Trd, 008814.150, 103
Trd, 008839.100, 88
Trd, 008839.800, 99
Trd, 008840.300, 94
Trd, 008850.150, 128
Trd, 008853.300, 95
Trd, 008869.150, 103
Trd, 008883.000, 102
Trd, 008883.100, 103
Trd, 008884.900, 99
Trd, 008900.050, 98
Trd, 008901.100, 96
Trd, 008905.050, 95
Trd, 008909.950, 94
Trd, 008929.100, 93
Trd, 008935.600, 124
Trd, 008942.550, 99
Trd, 008962.050, 109
Trd, 008985.500, 103
Trd, 008990.100, 106
Trd, 009007.900, 104
Trd, 009009.500, 102
Trd, 009020.750, 101
Trd, 009020.900, 101
Trd, 009021.550, 103
Trd, 009050.450, 107
Trd, 009050.600, 107
Trd, 009051.650, 103
Trd, 009051.850, 100
Trd, 009080.500, 103
Trd, 009080.650, 101
Trd, 009082.350, 100
Trd, 009088.250, 87
Trd, 009094.850, 75
Trd, 009109.650, 104
Trd, 009113.750, 94
Trd, 009116.150, 96
Trd, 009119.350, 96
Trd, 009139.550, 96
Trd, 009140.350, 96
Trd, 009150.050, 94
Trd, 009170.300, 91
Trd, 009171.000, 87
Trd, 009172.750, 94
Trd, 009177.200, 97
Trd, 009199.800, 93
Trd, 009201.750, 101
Trd, 009225.950, 92
Trd, 009231.800, 111
Trd, 009232.650, 104
Trd, 009241.250, 106
Trd, 009243.200, 96
Trd, 009261.050, 104
Trd, 009262.350, 101
Trd, 009265.300, 104
Trd, 009279.250, 104
Trd, 009290.800, 76
Trd, 009291.500, 83
Trd, 009292.450, 83
Trd, 009294.700, 94
Trd, 009320.400, 103
Trd, 009320.600, 109
Trd, 009328.900, 103
Trd, 009334.350, 99
Trd, 009351.500, 100
Trd, 009351.550, 101
Trd, 009357.600, 101
Trd, 009360.050, 93
Trd, 009386.300, 101
Trd, 009415.150, 101
Trd, 009416.050, 100
Trd, 009422.050, 97
Trd, 009443.500, 100
Trd, 009445.050, 100
Trd, 009449.700, 98
Trd, 009472.450, 99
Trd, 009476.900, 99
Trd, 009477.900, 100
Trd, 009483.450, 102
Trd, 009501.650, 79
Trd, 009502.050, 96
Trd, 009502.400, 95
Trd, 009502.650, 101
Trd, 009531.600, 118
Trd, 009531.750, 117
Trd, 009532.700, 101
Trd, 009541.850, 108
Trd, 009561.100, 109
Trd, 009563.000, 100
Trd, 009564.200, 109
Trd, 009567.900, 94
Trd, 009591.150, 96
Trd, 009591.450, 100
Trd, 009594.450, 99
Trd, 009597.050, 127
Trd, 009602.700, 93
Trd, 009621.250, 105
Trd, 009621.950, 102
Trd, 009624.100, 103
Trd, 009639.350, 104
Trd, 009651.500, 112
Trd, 009651.900, 104
Trd, 009663.900, 105
Trd, 009672.000, 106
Trd, 009681.650, 103
Trd, 009681.950, 96
Trd, 009682.500, 92
Trd, 009683.300, 81
Trd, 009711.850, 94
Trd, 009713.750, 103
Trd, 009714.400, 101
Trd, 009714.600, 100
Trd, 009737.650, 127
Trd, 009741.700, 129
Trd, 009741.750, 124
Trd, 009741.950, 119
Trd, 009756.650, 109
Trd, 009757.750, 103
Trd, 009772.200, 116
Trd, 009773.250, 125
Trd, 009773.400, 123
Trd, 009780.650, 102
Trd, 009801.750, 76
Trd, 009808.150, 109
Trd, 009816.700, 112
Trd, 009832.350, 102
Trd, 009844.300, 109
Trd, 009846.600, 108
Trd, 009866.200, 106
Trd, 009880.200, 108
Trd, 009893.300, 105
Trd, 009908.350, 107
Trd, 009909.050, 107
Trd, 009923.700, 107
Trd, 009923.900, 107
Trd, 009923.950, 104
Trd, 009952.700, 103
Trd, 009953.750, 96
Trd, 009954.300, 102
Trd, 009954.450, 96
Trd, 009982.600, 103
Trd, 009983.350, 102
Trd, 009991.400, 103
Trd, 009995.350, 102
Trd, 010011.950, 127
Trd, 010012.450, 109
Trd, 010018.000, 126
Trd, 010024.750, 117
Trd, 010044.150, 113
Trd, 010044.500, 104
Trd, 010050.900, 111
Trd, 010056.550, 106
Trd, 010072.850, 102
Trd, 010073.900, 94
Trd, 010074.250, 98
Trd, 010087.950, 127
Trd, 010103.300, 123
Trd, 010106.900, 112
Trd, 010107.750, 113
Trd, 010114.800, 104
Trd, 010133.350, 113
Trd, 010133.950, 103
Trd, 010135.000, 124
Trd, 010149.850, 122
Trd, 010163.100, 123
Trd, 010173.200, 109
Trd, 010175.150, 112
Trd, 010183.650, 104
Trd, 010194.850, 108
Trd, 010197.600, 103
Trd, 010202.200, 108
Trd, 010203.750, 107
Trd, 010224.150, 108
Trd, 010224.450, 106
Trd, 010231.150, 104
Trd, 010233.700, 99
Trd, 010253.400, 102
Trd, 010254.400, 100
Trd, 010255.550, 102
Trd, 010271.450, 91
Trd, 010284.650, 96
Trd, 010287.000, 97
Trd, 010290.850, 97
Trd, 010294.350, 119
Trd, 010298.600, 89
Trd, 010313.800, 102
Trd, 010314.150, 104
Trd, 010320.250, 103
Trd, 010338.500, 97
Trd, 010345.800, 103
Trd, 010347.900, 103
Trd, 010353.750, 99
Trd, 010380.300, 101
Trd, 010382.500, 99
Trd, 010404.500, 101
Trd, 010409.550, 101
Trd, 010409.700, 98
Trd, 010418.650, 97
Trd, 010437.800, 101
Trd, 010455.050, 96
Trd, 010466.250, 95
Trd, 010470.100, 94
Trd, 010474.900, 95
Trd, 010495.000, 91
Trd, 010495.500, 92
Trd, 010495.750, 93
Trd, 010501.750, 94
Trd, 010516.700, 92
Trd, 010524.950, 94
Trd, 010526.100, 91
Trd, 010526.300, 93
Trd, 010534.350, 94
Trd, 010555.050, 94
Trd, 010556.050, 96
Trd, 010556.500, 100
Trd, 010557.100, 112
Trd, 010564.100, 127
Trd, 010586.450, 105
Trd, 010596.700, 109
Trd, 010597.950, 108
Trd, 010614.550, 110
Trd, 010627.900, 104
Trd, 010637.900, 107
Trd, 010644.800, 103
Trd, 010660.600, 107
Trd, 010675.300, 103
Trd, 010676.700, 107
Trd, 010687.350, 102
Trd, 010709.750, 105
Trd, 010725.000, 104
Trd, 010730.400, 102
Trd, 010739.950, 104
Trd, 010741.800, 102
Trd, 010754.550, 104
Trd, 010773.550, 103
Trd, 010777.550, 102
Trd, 010778.050, 101
Trd, 010778.750, 100
Trd, 010783.600, 82
Trd, 010795.050, 96
Trd, 010795.800, 105
Trd, 010800.650, 98
Trd, 010811.250, 95
Trd, 010825.150, 98
Trd, 010827.200, 98
Trd, 010832.150, 95
Trd, 010836.100, 98
Trd, 010855.500, 100
Trd, 010856.850, 101
Trd, 010856.950, 101
Trd, 010857.250, 124
Trd, 010886.350, 117
Trd, 010886.900, 106
Trd, 010888.900, 106
Trd, 010890.900, 102
Trd, 010915.600, 106
Trd, 010916.650, 111
Trd, 010934.400, 102
Trd, 010935.350, 92
Trd, 010947.750, 109
Trd, 010956.800, 105
Trd, 010975.900, 69
Trd, 010976.050, 86
Trd, 010976.150, 94
Trd, 010976.950, 92
Trd, 011005.950, 100
Trd, 011007.250, 96
Trd, 011008.500, 96
Trd, 011011.850, 91
Trd, 011036.200, 98
Trd, 011038.400, 98
Trd, 011039.850, 98
Trd, 011053.300, 96
Trd, 011054.600, 89
Trd, 011066.100, 99
Trd, 011076.700, 95
Trd, 011080.800, 99
Trd, 011087.150, 99
Trd, 011096.950, 94
Trd, 011097.850, 99
Trd, 011101.900, 98
Trd, 011109.100, 94
Trd, 011127.000, 99
Trd, 011127.500, 98
Trd, 011128.000, 100
Trd, 011131.150, 127
Trd, 011157.650, 105
Trd, 011161.750, 107
Trd, 011165.150, 108
Trd, 011188.350, 105
Trd, 011189.450, 108
Trd, 011195.850, 104
Trd, 011216.950, 110
Trd, 011226.600, 104
Trd, 011240.950, 107
Trd, 011251.000, 103
Trd, 011254.900, 108
Trd, 011264.550, 102
Trd, 011277.500, 86
Trd, 011277.600, 108
Trd, 011307.250, 98
Trd, 011307.750, 104
Trd, 011309.900, 98
Trd, 011313.800, 93
Trd, 011340.200, 99
Trd, 011341.950, 101
Trd, 011350.950, 101
Trd, 011364.450, 95
Trd, 011376.350, 98
Trd, 011379.350, 98
Trd, 011398.100, 98
Trd, 011401.550, 97
Trd, 011401.700, 96
Trd, 011420.350, 97
Trd, 011427.650, 96
Trd, 011431.450, 97
Trd, 011431.600, 96
Trd, 011442.750, 89
Trd, 011460.000, 97
Trd, 011472.600, 94
Trd, 011476.950, 98
Trd, 011490.950, 98
Trd, 011497.800, 97
Trd, 011498.800, 93
Trd, 011518.000, 105
Trd, 011521.950, 102
Trd, 011522.500, 91
Trd, 011528.100, 107
Trd, 011548.900, 103
Trd, 011550.950, 101
Trd, 011552.250, 100
Trd, 011569.450, 98
Trd, 011572.550, 92
Trd, 011581.000, 98
Trd, 011584.050, 96
Trd, 011592.000, 100
Trd, 011592.050, 100
Trd, 011609.100, 97
Trd, 011609.500, 99
Trd, 011611.500, 98
Trd, 011638.250, 93
Trd, 011639.200, 93
Trd, 011642.000, 94
Trd, 011658.850, 84
Trd, 011668.500, 93
Trd, 011670.250, 95
Trd, 011670.600, 96
Trd, 011675.500, 109
Trd, 011688.950, 100
Trd, 011698.300, 100
Trd, 011698.350, 102
Trd, 011700.850, 103
Trd, 011702.250, 90
Trd, 011728.400, 89
Trd, 011729.900, 103
Trd, 011751.000, 103
Trd, 011758.300, 101
Trd, 011762.550, 103
Trd, 011763.950, 88
Trd, 011777.650, 96
Trd, 011789.300, 89
Trd, 011789.850, 91
Trd, 011795.950, 94
Trd, 011818.650, 91
Trd, 011820.600, 95
Trd, 011822.950, 90
Trd, 011824.300, 89
Trd, 011848.600, 98
Trd, 011849.650, 102
Trd, 011850.450, 99
Trd, 011855.400, 100
Trd, 011858.000, 83
Trd, 011879.750, 100
Trd, 011880.400, 99
Trd, 011885.750, 96
Trd, 011911.900, 100
Trd, 011920.750, 103
Trd, 011939.350, 109
Trd, 011943.050, 104
Trd, 011944.000, 106
Trd, 011969.650, 106
Trd, 011972.850, 103
Trd, 011978.500, 104
Trd, 011998.750, 102
Trd, 012000.250, 104
Trd, 012005.150, 102
Trd, 012009.600, 101
Trd, 012029.450, 100
Trd, 012029.550, 101
Trd, 012034.800, 100
Trd, 012059.900, 101
Trd, 012062.200, 101
Trd, 012063.450, 100
Trd, 012068.600, 99
Trd, 012093.350, 100
Trd, 012104.050, 99
Trd, 012104.100, 99
Trd, 012109.850, 98
Trd, 012121.100, 92
Trd, 012121.800, 92
Trd, 012122.300, 89
Trd, 012122.950, 95
Trd, 012136.750, 125
Trd, 012150.500, 89
Trd, 012151.850, 91
Trd, 012154.700, 94
Trd, 012176.850, 112
Trd, 012179.950, 105
Trd, 012180.500, 104
Trd, 012182.150, 103
Trd, 012186.000, 104
Trd, 012197.150, 110
Trd, 012209.700, 110
Trd, 012211.550, 91
Trd, 012216.550, 103
Trd, 012239.900, 105
Trd, 012240.200, 82
Trd, 012249.800, 99
Trd, 012252.900, 99
Trd, 012274.200, 99
Trd, 012277.600, 100
Trd, 012278.750, 101
Trd, 012300.950, 102
Trd, 012301.500, 102
Trd, 012306.650, 101
Trd, 012323.800, 99
Trd, 012331.100, 100
Trd, 012332.250, 101
Trd, 012337.400, 101
Trd, 012339.150, 100
Trd, 012360.950, 99
Trd, 012361.650, 100
Trd, 012363.450, 99
Trd, 012366.300, 93
Trd, 012390.850, 90
Trd, 012391.150, 95
Trd, 012393.150, 96
Trd, 012397.700, 123
Trd, 012422.350, 104
Trd, 012422.400, 104
Trd, 012423.600, 100
Trd, 012431.700, 92
Trd, 012450.600, 100
Trd, 012453.000, 98
Trd, 012457.800, 99
Trd, 012471.800, 98
Trd, 012481.250, 96
Trd, 012481.450, 97
Trd, 012485.900, 98
Trd, 012496.950, 85
Trd, 012510.850, 103
Trd, 012511.500, 79
Trd, 012512.150, 93
Trd, 012516.700, 129
Trd, 012517.400, 108
Trd, 012541.250, 111
Trd, 012545.250, 86
Trd, 012556.700, 96
Trd, 012574.850, 92
Trd, 012575.750, 95
Trd, 012579.150, 93
Trd, 012600.750, 93
Trd, 012602.050, 94
Trd, 012607.700, 93
Trd, 012613.550, 94
Trd, 012620.150, 94
Trd, 012633.100, 94
Trd, 012634.100, 93
Trd, 012636.650, 95
Trd, 012644.900, 91
Trd, 012661.650, 85
Trd, 012662.100, 88
Trd, 012662.850, 94
Trd, 012671.200, 101
Trd, 012691.550, 96
Trd, 012691.900, 98
Trd, 012692.050, 96
Trd, 012721.450, 102
Trd, 012721.750, 102
Trd, 012726.150, 100
Trd, 012734.450, 93
Trd, 012751.500, 112
Trd, 012754.600, 85
Trd, 012790.050, 96
Trd, 012793.450, 95
Trd, 012796.600, 93
Trd, 012820.850, 95
Trd, 012822.950, 93
Trd, 012837.650, 99
Trd, 012842.050, 98
Trd, 012844.650, 110
Trd, 012855.550, 101
Trd, 012874.000, 104
Trd, 012874.900, 100
Trd, 012876.150, 103
Trd, 012880.950, 105
Trd, 012903.700, 103
Trd, 012905.750, 102
Trd, 012908.900, 103
Trd, 012932.850, 103
Trd, 012933.200, 104
Trd, 012935.450, 102
Trd, 012945.100, 104
Trd, 012964.300, 103
Trd, 012977.200, 102
Trd, 012982.800, 103
Trd, 012995.150, 102
Trd, 012996.200, 101
Trd, 012997.950, 101
Trd, 012998.000, 100
Trd, 013022.700, 92
Trd, 013036.050, 107
Trd, 013046.500, 97
Trd, 013053.200, 93
Trd, 013054.700, 125
Trd, 013055.000, 105
Trd, 013083.700, 106
Trd, 013088.850, 99
Trd, 013089.600, 115
Trd, 013114.650, 107
Trd, 013115.400, 107
Trd, 013115.650, 102
Trd, 013143.400, 108
Trd, 013147.000, 104
Trd, 013158.400, 104
Trd, 013174.950, 103
Trd, 013176.600, 104
Trd, 013204.100, 103
Trd, 013204.700, 102
Trd, 013212.000, 101
Trd, 013233.500, 102
Trd, 013233.800, 81
Trd, 013235.250, 96
Trd, 013244.400, 101
Trd, 013263.850, 88
Trd, 013264.350, 89
Trd, 013265.950, 101
Trd, 013272.600, 94
Trd, 013293.550, 95
Trd, 013294.800, 93
Trd, 013295.950, 94
Trd, 013321.250, 84
Trd, 013323.700, 93
Trd, 013325.900, 142
Trd, 013346.550, 120
Trd, 013353.850, 118
Trd, 013356.250, 114
Trd, 013383.650, 104
Trd, 013384.250, 112
Trd, 013388.050, 105
Trd, 013388.500, 109
Trd, 013402.100, 94
Trd, 013414.200, 102
Trd, 013414.550, 101
Trd, 013422.300, 119
Trd, 013444.150, 120
Trd, 013452.000, 110
Trd, 013452.300, 100
Trd, 013468.100, 101
Trd, 013474.200, 110
Trd, 013476.250, 107
Trd, 013476.750, 105
Trd, 013489.400, 104
Trd, 013504.450, 105
Trd, 013509.450, 103
Trd, 013515.750, 106
Trd, 013537.050, 103
Trd, 013539.400, 106
Trd, 013565.700, 102
Trd, 013575.050, 106
Trd, 013594.750, 105
Trd, 013595.850, 106
Trd, 013596.900, 102
Trd, 013598.500, 101
Trd, 013600.000, 99
Trd, 013625.600, 100
Trd, 013626.300, 99
Trd, 013628.450, 102
Trd, 013633.400, 103
Trd, 013653.200, 114
Trd, 013654.900, 110
Trd, 013657.050, 107
Trd, 013675.700, 103
Trd, 013685.000, 107
Trd, 013686.100, 103
Trd, 013691.250, 100
Trd, 013693.800, 99
Trd, 013715.100, 100
Trd, 013716.100, 101
Trd, 013719.450, 101
Trd, 013721.950, 100
Trd, 013745.100, 99
Trd, 013745.500, 98
Trd, 013749.150, 99
Trd, 013765.150, 94
Trd, 013775.150, 101
Trd, 013775.400, 103
Trd, 013776.550, 93
Trd, 013788.150, 91
Trd, 013812.300, 101
Trd, 013814.400, 98
Trd, 013821.200, 101
Trd, 013838.500, 99
Trd, 013839.700, 98
Trd, 013853.050, 98
Trd, 013858.600, 97
Trd, 013870.700, 98
Trd, 013871.100, 96
Trd, 013871.200, 96
Trd, 013887.950, 81
Trd, 013895.050, 127
Trd, 013897.300, 105
Trd, 013897.550, 103
Trd, 013900.200, 102
Trd, 013925.650, 110
Trd, 013927.200, 101
Trd, 013927.300, 100
Trd, 013940.050, 102
Trd, 013956.050, 102
Trd, 013958.400, 103
Trd, 013962.400, 101
Trd, 013967.250, 103
Trd, 013969.500, 94
Trd, 013986.100, 104
Trd, 013999.950, 105
Trd, 014005.600, 98
Trd, 014018.450, 98
Trd, 014018.500, 104
Trd, 014021.000, 103
Trd, 014046.600, 99
Trd, 014048.050, 99
Trd, 014049.850, 98
Trd, 014053.400, 98
Trd, 014076.450, 97
Trd, 014077.050, 97
Trd, 014081.250, 97
Trd, 014097.850, 98
Trd, 014106.950, 98
Trd, 014118.600, 96
Trd, 014128.000, 94
Trd, 014130.050, 98
Trd, 014137.100, 119
Trd, 014148.450, 104
Trd, 014149.300, 101
Trd, 014149.750, 100
Trd, 014156.900, 104
Trd, 014166.450, 113
Trd, 014167.900, 100
Trd, 014168.250, 75
Trd, 014186.500, 108
Trd, 014197.300, 80
Trd, 014197.800, 102
Trd, 014204.200, 98
Trd, 014229.200, 100
Trd, 014233.800, 100
Trd, 014245.150, 101
Trd, 014258.500, 100
Trd, 014260.150, 101
Trd, 014268.350, 101
Trd, 014292.550, 101
Trd, 014296.950, 102
Trd, 014309.750, 119
Trd, 014317.800, 106
Trd, 014319.550, 104
Trd, 014320.500, 106
Trd, 014343.000, 108
Trd, 014347.500, 107
Trd, 014355.500, 108
Trd, 014355.750, 103
Trd, 014377.950, 106
Trd, 014378.450, 104
Trd, 014378.650, 104
Trd, 014399.650, 102
Trd, 014401.750, 105
Trd, 014407.650, 104
Trd, 014408.550, 102
Trd, 014411.600, 104
Trd, 014428.800, 100
Trd, 014443.800, 104
Trd, 014452.050, 101
Trd, 014465.100, 103
Trd, 014471.950, 102
Trd, 014479.000, 100
Trd, 014485.700, 99
Trd, 014500.700, 99
Trd, 014509.000, 98
Trd, 014512.950, 101
Trd, 014524.650, 101
Trd, 014532.550, 101
Trd, 014533.200, 97
Trd, 014549.500, 101
Trd, 014557.700, 94
Trd, 014580.250, 104
Trd, 014581.550, 104
Trd, 014585.800, 104
Trd, 014588.100, 105
Trd, 014588.250, 106
Trd, 014597.300, 106
Trd, 014597.750, 104
Trd, 014619.100, 106
Trd, 014621.200, 107
Trd, 014622.800, 108
Trd, 014623.100, 104
Trd, 014647.950, 104
Trd, 014648.750, 103
Trd, 014652.850, 106
Trd, 014670.050, 94
Trd, 014671.100, 118
Trd, 014679.100, 104
Trd, 014681.700, 105
Trd, 014684.800, 103
Trd, 014692.550, 105
Trd, 014708.000, 102
Trd, 014708.500, 102
Trd, 014709.450, 104
Trd, 014720.700, 104
Trd, 014738.250, 104
Trd, 014739.550, 105
Trd, 014740.400, 104
Trd, 014744.850, 128
Trd, 014770.200, 108
Trd, 014770.450, 103
Trd, 014775.050, 97
Trd, 014778.650, 106
Trd, 014798.450, 108
Trd, 014803.500, 96
Trd, 014804.400, 97
Trd, 014817.900, 103
Trd, 014829.000, 99
Trd, 014831.550, 93
Trd, 014838.850, 93
Trd, 014840.750, 95
Trd, 014858.950, 95
Trd, 014859.450, 90
Trd, 014859.700, 95
Trd, 014867.000, 98
Trd, 014888.750, 99
Trd, 014889.800, 97
Trd, 014890.650, 100
Trd, 014890.750, 84
Trd, 014895.450, 88
Trd, 014919.100, 105
Trd, 014919.400, 104
Trd, 014919.600, 103
Trd, 014923.450, 82
Trd, 014945.000, 100
Trd, 014949.100, 103
Trd, 014950.700, 101
Trd, 014953.650, 102
Trd, 014959.650, 101
Trd, 014979.200, 109
Trd, 014983.400, 105
Trd, 014983.600, 102
Trd, 014985.700, 106
Trd, 015009.650, 99
Trd, 015009.900, 92
Trd, 015029.550, 126
Trd, 015039.450, 126
Trd, 015045.650, 127
Trd, 015057.100, 123
Trd, 015057.600, 104
Trd, 015070.350, 91
Trd, 015071.050, 90
Trd, 015071.700, 94
Trd, 015076.150, 115
Trd, 015076.850, 130
Trd, 015099.350, 110
Trd, 015101.900, 103
Trd, 015103.650, 105
Trd, 015131.300, 92
Trd, 015132.900, 95
Trd, 015133.450, 93
Trd, 015153.900, 118
Trd, 015159.750, 101
Trd, 015160.650, 101
Trd, 015166.350, 103
Trd, 015175.600, 100
Trd, 015190.100, 102
Trd, 015190.300, 103
Trd, 015191.450, 104
Trd, 015220.000, 97
Trd, 015222.850, 98
Trd, 015224.100, 94
Trd, 015227.500, 97
Trd, 015246.200, 127
Trd, 015249.900, 111
Trd, 015254.050, 103
Trd, 015294.000, 105
Trd, 015301.450, 104
Trd, 015311.650, 103
Trd, 015321.250, 104
Trd, 015328.150, 103
Trd, 015342.250, 102
Trd, 015342.650, 103
Trd, 015349.850, 103
Trd, 015354.550, 101
Trd, 015356.300, 97
Trd, 015371.750, 104
Trd, 015375.600, 103
Trd, 015383.800, 104
Trd, 015400.800, 97
Trd, 015401.250, 96
Trd, 015402.000, 90
Trd, 015406.150, 95
Trd, 015430.400, 95
Trd, 015431.350, 95
Trd, 015445.100, 102
Trd, 015461.000, 105
Trd, 015462.800, 102
Trd, 015473.700, 114
Trd, 015481.600, 94
Trd, 015491.700, 104
Trd, 015496.050, 106
Trd, 015502.750, 107
Trd, 015522.650, 103
Trd, 015523.350, 106
Trd, 015527.900, 106
Trd, 015551.100, 77
Trd, 015551.550, 97
Trd, 015552.750, 96
Trd, 015582.450, 98
Trd, 015583.600, 98
Trd, 015591.450, 87
Trd, 015596.300, 99
Trd, 015608.100, 88
Trd, 015618.000, 99
Trd, 015620.050, 99
Trd, 015645.050, 99
Trd, 015645.950, 98
Trd, 015671.200, 100
Trd, 015680.600, 110
Trd, 015682.750, 108
Trd, 015684.750, 104
Trd, 015701.900, 127
Trd, 015702.200, 105
Trd, 015703.150, 103
Trd, 015706.950, 102
Trd, 015711.300, 103
Trd, 015732.100, 104
Trd, 015732.850, 86
Trd, 015736.250, 103
Trd, 015737.000, 103
Trd, 015762.250, 108
Trd, 015762.700, 105
Trd, 015763.400, 105
Trd, 015764.000, 104
Trd, 015768.300, 82
Trd, 015792.400, 105
Trd, 015793.400, 105
Trd, 015794.850, 104
Trd, 015815.100, 105
Trd, 015821.800, 105
Trd, 015825.800, 104
Trd, 015826.900, 103
Trd, 015852.250, 103
Trd, 015855.400, 102
Trd, 015860.450, 103
Trd, 015866.700, 86
Trd, 015882.100, 104
Trd, 015883.300, 104
Trd, 015884.350, 106
Trd, 015889.600, 109
Trd, 015902.750, 122
Trd, 015912.250, 120
Trd, 015914.150, 109
Trd, 015918.200, 107
Trd, 015922.200, 103
Trd, 015944.650, 102
Trd, 015944.750, 104
Trd, 015945.050, 107
Trd, 015950.550, 98
Trd, 015974.100, 105
Trd, 015980.600, 104
Trd, 015986.800, 106
Trd, 016006.950, 106
Trd, 016018.700, 103
Trd, 016022.050, 102
Trd, 016033.200, 101
Trd, 016035.200, 101
Trd, 016035.950, 102
Trd, 016045.050, 100
Trd, 016063.550, 102
Trd, 016064.900, 103
Trd, 016067.900, 100
Trd, 016070.050, 104
Trd, 016095.800, 101
Trd, 016096.950, 103
Trd, 016099.150, 99
Trd, 016115.100, 102
Trd, 016123.150, 100
Trd, 016123.350, 100
Trd, 016133.700, 99
Trd, 016156.200, 100
Trd, 016159.250, 100
Trd, 016161.200, 98
Trd, 016183.450, 92
Trd, 016189.000, 96
Trd, 016190.550, 98
Trd, 016200.350, 96
Trd, 016214.550, 96
Trd, 016215.400, 88
Trd, 016215.800, 97
Trd, 016219.150, 98
Trd, 016243.150, 95
Trd, 016244.900, 94
Trd, 016245.150, 96
Trd, 016273.650, 95
Trd, 016273.950, 95
Trd, 016275.350, 104
Trd, 016279.800, 103
Trd, 016303.850, 102
Trd, 016304.700, 101
Trd, 016310.550, 93
Trd, 016312.450, 101
Trd, 016334.600, 104
Trd, 016336.250, 105
Trd, 016337.700, 103
Trd, 016338.750, 104
Trd, 016362.900, 86
Trd, 016365.050, 104
Trd, 016368.300, 108
Trd, 016395.100, 98
Trd, 016396.500, 95
Trd, 016397.500, 95
Trd, 016403.100, 92
Trd, 016424.400, 101
Trd, 016424.500, 100
Trd, 016428.350, 100
Trd, 016448.350, 94
Trd, 016455.550, 98
Trd, 016459.550, 100
Trd, 016462.350, 101
Trd, 016467.250, 97
Trd, 016467.950, 92
Trd, 016486.700, 101
Trd, 016487.100, 101
Trd, 016503.650, 95
Trd, 016514.200, 99
Trd, 016516.800, 98
Trd, 016518.150, 98
Trd, 016528.300, 96
Trd, 016545.850, 98
Trd, 016550.000, 98
Trd, 016550.550, 96
Trd, 016555.550, 98
Trd, 016559.550, 95
Trd, 016578.000, 97
Trd, 016585.350, 110
Trd, 016593.000, 104
Trd, 016593.700, 111
Trd, 016605.500, 112
Trd, 016605.850, 119
Trd, 016607.300, 111
Trd, 016632.700, 104
Trd, 016634.950, 103
Trd, 016635.500, 99
Trd, 016635.650, 107
Trd, 016649.000, 107
Trd, 016664.950, 106
Trd, 016665.550, 107
Trd, 016669.750, 105
Trd, 016680.100, 102
Trd, 016685.450, 91
Trd, 016696.350, 105
Trd, 016698.300, 106
Trd, 016701.100, 109
Trd, 016707.950, 104
Trd, 016725.400, 104
Trd, 016729.450, 107
Trd, 016755.850, 107
Trd, 016757.700, 109
Trd, 016761.100, 109
Trd, 016762.100, 111
Trd, 016785.500, 115
Trd, 016786.500, 111
Trd, 016788.300, 112
Trd, 016798.000, 100
Trd, 016815.500, 110
Trd, 016827.800, 113
Trd, 016830.750, 114
Trd, 016847.450, 111
Trd, 016850.800, 108
Trd, 016862.300, 104
Trd, 016869.800, 109
Trd, 016880.400, 106
Trd, 016880.900, 107
Trd, 016888.050, 104
Trd, 016895.050, 106
Trd, 016906.700, 104
Trd, 016916.750, 104
Trd, 016919.650, 103
Trd, 016925.900, 93
Trd, 016936.050, 104
Trd, 016937.600, 101
Trd, 016942.200, 100
Trd, 016942.350, 89
Trd, 016952.600, 89
Trd, 016965.550, 100
Trd, 016967.300, 101
Trd, 016970.250, 100
Trd, 017000.400, 101
Trd, 017006.500, 99
Trd, 017010.850, 101
Trd, 017025.850, 87
Trd, 017033.800, 122
Trd, 017045.850, 118
Trd, 017056.450, 104
Trd, 017056.500, 103
Trd, 017059.900, 113
Trd, 017061.300, 125
Trd, 017086.300, 91
Trd, 017089.000, 112
Trd, 017103.950, 117
Trd, 017118.300, 121
Trd, 017126.350, 114
Trd, 017132.900, 125
Trd, 017146.700, 118
Trd, 017147.450, 106
Trd, 017177.600, 112
Trd, 017179.950, 112
Trd, 017183.650, 104
Trd, 017195.850, 111
Trd, 017206.750, 110
Trd, 017212.000, 102
Trd, 017212.950, 106
Trd, 017237.150, 107
Trd, 017238.400, 102
Trd, 017238.800, 107
Trd, 017242.700, 97
Trd, 017265.250, 116
Trd, 017266.600, 110
Trd, 017269.600, 93
Trd, 017285.950, 108
Trd, 017297.100, 97
Trd, 017299.800, 104
Trd, 017306.750, 121
Trd, 017319.650, 112
Trd, 017327.000, 110
Trd, 017328.750, 112
Trd, 017333.000, 103
Trd, 017341.700, 105
Trd, 017358.050, 109
Trd, 017370.650, 107
Trd, 017377.000, 106
Trd, 017390.100, 107
Trd, 017393.050, 105
Trd, 017419.000, 96
Trd, 017434.100, 107
Trd, 017452.400, 101
Trd, 017459.350, 106
Trd, 017467.700, 106
Trd, 017470.650, 99
Trd, 017477.500, 98
Trd, 017477.800, 98
Trd, 017478.400, 105
Trd, 017496.150, 91
Trd, 017510.150, 101
Trd, 017510.450, 97
Trd, 017511.100, 96
Trd, 017529.200, 100
Trd, 017539.900, 97
Trd, 017541.600, 100
Trd, 017551.200, 98
Trd, 017568.100, 98
Trd, 017574.150, 96
Trd, 017575.900, 99
Trd, 017598.800, 99
Trd, 017600.800, 95
Trd, 017603.300, 98
Trd, 017607.450, 95
Trd, 017628.250, 97
Trd, 017628.950, 94
Trd, 017643.800, 97
Trd, 017658.950, 97
Trd, 017659.350, 98
Trd, 017661.200, 99
Trd, 017672.000, 101
Trd, 017688.100, 101
Trd, 017689.000, 103
Trd, 017693.600, 103
Trd, 017718.850, 104
Trd, 017719.450, 104
Trd, 017729.250, 115
Trd, 017742.100, 98
Trd, 017751.400, 104
Trd, 017761.200, 105
Trd, 017772.450, 102
Trd, 017779.900, 105
Trd, 017781.550, 101
Trd, 017809.450, 102
Trd, 017815.550, 102
Trd, 017821.700, 102
Trd, 017822.100, 100
Trd, 017840.450, 102
Trd, 017843.650, 103
Trd, 017856.950, 102
Trd, 017870.550, 97
Trd, 017870.900, 99
Trd, 017875.650, 94
Trd, 017893.800, 97
Trd, 017899.050, 71
Trd, 017900.500, 88
Trd, 017907.200, 104
Trd, 017929.000, 107
Trd, 017937.050, 103
Trd, 017951.650, 108
Trd, 017960.000, 105
Trd, 017960.100, 107
Trd, 017963.350, 103
Trd, 017988.650, 109
Trd, 017994.200, 104
Trd, 018002.300, 106
Trd, 018030.000, 105
Trd, 018036.350, 103
Trd, 018043.100, 105
Trd, 018050.150, 102
Trd, 018050.650, 106
Trd, 018059.150, 101
Trd, 018080.200, 105
Trd, 018091.250, 100
Trd, 018097.400, 103
Trd, 018108.950, 99
Trd, 018113.050, 101
Trd, 018118.550, 97
Trd, 018133.200, 101
Trd, 018139.850, 102
Trd, 018140.050, 96
Trd, 018141.950, 95
Trd, 018155.200, 99
Trd, 018169.850, 99
Trd, 018170.700, 97
Trd, 018175.950, 112
Trd, 018191.350, 122
Trd, 018200.150, 110
Trd, 018203.950, 121
Trd, 018217.000, 104
Trd, 018231.150, 104
Trd, 018232.650, 114
Trd, 018235.100, 128
Trd, 018262.600, 127
Trd, 018266.400, 130
Trd, 018272.400, 127
Trd, 018291.450, 104
Trd, 018292.100, 115
Trd, 018293.150, 115
Trd, 018320.900, 110
Trd, 018321.550, 110
Trd, 018321.950, 114
Trd, 018324.800, 112
Trd, 018345.300, 104
Trd, 018352.050, 94
Trd, 018352.250, 101
Trd, 018353.100, 100
Trd, 018356.900, 95
Trd, 018360.800, 94
Trd, 018380.400, 94
Trd, 018381.050, 95
Trd, 018381.250, 95
Trd, 018382.100, 121
Trd, 018410.550, 109
Trd, 018412.200, 103
Trd, 018414.950, 106
Trd, 018425.300, 98
Trd, 018440.800, 105
Trd, 018441.050, 104
Trd, 018444.500, 104
Trd, 018470.500, 107
Trd, 018475.200, 102
Trd, 018478.850, 102
Trd, 018488.250, 103
Trd, 018500.050, 94
Trd, 018501.300, 105
Trd, 018504.700, 101
Trd, 018504.800, 98
Trd, 018528.500, 99
Trd, 018529.850, 94
Trd, 018530.950, 101
Trd, 018532.050, 100
Trd, 018535.850, 99
Trd, 018536.100, 94
Trd, 018561.900, 99
Trd, 018563.500, 99
Trd, 018564.500, 98
Trd, 018567.000, 100
Trd, 018591.850, 100
Trd, 018591.950, 101
Trd, 018592.400, 102
Trd, 018594.250, 99
Trd, 018622.250, 103
Trd, 018622.750, 102
Trd, 018622.950, 104
Trd, 018641.050, 115
Trd, 018642.650, 94
Trd, 018651.450, 110
Trd, 018652.350, 104
Trd, 018655.750, 104
Trd, 018661.100, 104
Trd, 018682.400, 104
Trd, 018682.800, 105
Trd, 018687.900, 103
Trd, 018689.500, 104
Trd, 018712.100, 104
Trd, 018722.850, 105
Trd, 018726.100, 105
Trd, 018727.600, 104
Trd, 018748.200, 105
Trd, 018749.600, 104
Trd, 018750.950, 104
Trd, 018771.550, 104
Trd, 018772.900, 103
Trd, 018782.150, 105
Trd, 018796.800, 115
Trd, 018799.050, 126
Trd, 018802.450, 116
Trd, 018802.950, 112
Trd, 018811.400, 102
Trd, 018822.550, 111
Trd, 018831.850, 109
Trd, 018836.550, 106
Trd, 018838.650, 102
Trd, 018841.550, 100
Trd, 018862.500, 106
Trd, 018866.750, 99
Trd, 018879.950, 99
Trd, 018881.250, 101
Trd, 018894.000, 121
Trd, 018894.650, 121
Trd, 018903.900, 104
Trd, 018905.000, 113
Trd, 018922.200, 112
Trd, 018927.300, 124
Trd, 018952.600, 130
Trd, 018959.250, 114
Trd, 018982.350, 125
Trd, 018982.800, 125
Trd, 018988.100, 103
Trd, 018996.250, 92
Trd, 019012.650, 101
Trd, 019013.100, 100
Trd, 019013.200, 101
Trd, 019016.500, 116
Trd, 019042.550, 101
Trd, 019043.000, 100
Trd, 019043.350, 99
Trd, 019045.800, 127
Trd, 019046.050, 108
Trd, 019057.800, 78
Trd, 019073.650, 113
Trd, 019091.000, 103
Trd, 019116.850, 104
Trd, 019134.150, 107
Trd, 019135.450, 107
Trd, 019139.100, 105
Trd, 019147.100, 104
Trd, 019163.700, 103
Trd, 019167.200, 106
Trd, 019180.950, 102
Trd, 019193.400, 106
Trd, 019195.400, 111
Trd, 019219.750, 107
Trd, 019223.700, 107
Trd, 019224.150, 104
Trd, 019225.550, 105
Trd, 019251.850, 95
Trd, 019253.850, 102
Trd, 019257.950, 102
Trd, 019258.950, 101
Trd, 019259.100, 97
Trd, 019283.400, 104
Trd, 019284.250, 82
Trd, 019287.300, 86
Trd, 019297.050, 94
Trd, 019313.650, 97
Trd, 019314.550, 117
Trd, 019316.200, 104
Trd, 019321.100, 96
Trd, 019343.900, 81
Trd, 019344.150, 90
Trd, 019346.100, 98
Trd, 019348.000, 91
Trd, 019373.800, 89
Trd, 019374.100, 92
Trd, 019375.650, 116
Trd, 019401.550, 110
Trd, 019403.850, 106
Trd, 019406.150, 103
Trd, 019406.250, 105
Trd, 019412.450, 103
Trd, 019434.800, 102
Trd, 019434.950, 105
Trd, 019435.450, 90
Trd, 019439.150, 101
Trd, 019442.000, 109
Trd, 019462.600, 83
Trd, 019464.250, 103
Trd, 019465.800, 94
Trd, 019467.950, 95
Trd, 019480.600, 104
Trd, 019494.100, 108
Trd, 019497.100, 95
Trd, 019498.750, 99
Trd, 019499.700, 88
Trd, 019502.650, 98
Trd, 019524.050, 98
Trd, 019525.450, 98
Trd, 019527.400, 95
Trd, 019554.400, 101
Trd, 019555.050, 99
Trd, 019555.650, 99
Trd, 019570.500, 103
Trd, 019584.700, 114
Trd, 019584.800, 111
Trd, 019587.250, 104
Trd, 019615.800, 94
Trd, 019616.200, 94
Trd, 019617.300, 92
Trd, 019626.600, 90
Trd, 019645.250, 98
Trd, 019645.300, 98
Trd, 019646.150, 98
Trd, 019656.650, 130
Trd, 019675.950, 110
Trd, 019676.100, 107
Trd, 019678.350, 103
Trd, 019704.700, 97
Trd, 019714.200, 116
Trd, 019721.350, 104
Trd, 019738.550, 110
Trd, 019739.850, 113
Trd, 019745.650, 104
Trd, 019769.800, 111
Trd, 019783.100, 108
Trd, 019801.000, 111
Trd, 019805.600, 111
Trd, 019810.100, 106
Trd, 019820.950, 102
Trd, 019826.050, 87
Trd, 019826.800, 110
Trd, 019836.850, 101
Trd, 019860.900, 106
Trd, 019861.650, 106
Trd, 019881.050, 103
Trd, 019886.450, 103
Trd, 019890.300, 106
Trd, 019915.600, 125
Trd, 019916.050, 111
Trd, 019922.650, 113
Trd, 019927.150, 104
Trd, 019947.300, 112
Trd, 019948.450, 109
Trd, 019951.050, 113
Trd, 019977.800, 109
Trd, 019981.550, 109
Trd, 019985.750, 108
Trd, 019987.400, 109
Trd, 019999.600, 104
Trd, 020007.750, 110
Trd, 020008.600, 108
Trd, 020021.350, 107
Trd, 020038.750, 108
Trd, 020039.700, 106
Trd, 020041.100, 106
Trd, 020044.100, 104
Trd, 020066.500, 106
Trd, 020068.350, 107
Trd, 020069.100, 107
Trd, 020092.100, 120
Trd, 020098.850, 109
Trd, 020103.200, 111
Trd, 020104.050, 108
Trd, 020106.950, 104
Trd, 020129.950, 111
Trd, 020130.900, 108
Trd, 020135.150, 104
Trd, 020146.800, 112
Trd, 020160.250, 109
Trd, 020169.600, 112
Trd, 020177.500, 108
Trd, 020186.650, 112
Trd, 020191.350, 111
Trd, 020207.900, 108
Trd, 020216.800, 99
Trd, 020217.050, 102
Trd, 020217.700, 104
Trd, 020218.900, 105
Trd, 020246.750, 95
Trd, 020247.050, 95
Trd, 020250.900, 94
Trd, 020262.300, 99
Trd, 020276.850, 122
Trd, 020278.150, 125
Trd, 020279.300, 99
Trd, 020307.050, 110
Trd, 020307.600, 116
Trd, 020314.350, 110
Trd, 020319.500, 104
Trd, 020337.050, 101
Trd, 020337.200, 98
Trd, 020338.750, 92
Trd, 020340.500, 99
Trd, 020354.650, 106
Trd, 020367.600, 90
Trd, 020368.300, 93
Trd, 020370.700, 91
Trd, 020373.300, 95
Trd, 020373.800, 94
Trd, 020397.350, 95
Trd, 020397.800, 96
Trd, 020400.050, 96
Trd, 020409.400, 77
Trd, 020427.500, 116
Trd, 020427.900, 105
Trd, 020428.950, 94
Trd, 020443.150, 105
Trd, 020457.550, 107
Trd, 020468.450, 106
Trd, 020480.450, 95
Trd, 020490.750, 104
Trd, 020494.650, 106
Trd, 020519.750, 106
Trd, 020531.400, 104
Trd, 020532.400, 108
Trd, 020544.200, 103
Trd, 020548.100, 103
Trd, 020549.300, 105
Trd, 020560.050, 107
Trd, 020578.000, 106
Trd, 020581.300, 103
Trd, 020583.150, 106
Trd, 020611.750, 105
Trd, 020615.750, 102
Trd, 020620.900, 100
Trd, 020639.350, 104
Trd, 020640.050, 99
Trd, 020640.850, 94
Trd, 020643.400, 101
Trd, 020668.700, 106
Trd, 020673.850, 100
Trd, 020674.550, 101
Trd, 020685.500, 105
Trd, 020699.400, 103
Trd, 020699.600, 103
Trd, 020700.400, 104
Trd, 020703.400, 104
Trd, 020729.650, 103
Trd, 020730.800, 104
Trd, 020731.700, 104
Trd, 020731.750, 102
Trd, 020759.200, 99
Trd, 020759.450, 99
Trd, 020761.750, 100
Trd, 020769.750, 101
Trd, 020788.400, 102
Trd, 020788.850, 102
Trd, 020790.050, 106
Trd, 020792.350, 104
Trd, 020794.950, 99
Trd, 020819.050, 101
Trd, 020819.800, 102
Trd, 020823.350, 99
Trd, 020823.900, 104
Trd, 020850.650, 103
Trd, 020860.300, 112
Trd, 020879.200, 106
Trd, 020882.450, 109
Trd, 020883.400, 110
Trd, 020893.700, 110
Trd, 020900.400, 104
Trd, 020908.950, 118
Trd, 020909.050, 93
Trd, 020913.150, 108
Trd, 020939.700, 107
Trd, 020941.450, 104
Trd, 020946.850, 105
Trd, 020947.200, 105
Trd, 020969.100, 104
Trd, 020982.700, 103
Trd, 020987.000, 102
Trd, 020993.050, 105
Trd, 021002.450, 105
Trd, 021015.200, 102
Trd, 021021.550, 102
Trd, 021029.850, 100
Trd, 021031.100, 103
Trd, 021059.450, 103
Trd, 021060.350, 103
Trd, 021064.050, 126
Trd, 021069.950, 109
Trd, 021090.600, 111
Trd, 021091.450, 107
Trd, 021098.050, 117
Trd, 021115.500, 104
Trd, 021121.950, 114
Trd, 021123.600, 106
Trd, 021140.350, 100
Trd, 021173.450, 105
Trd, 021176.950, 102
Trd, 021179.350, 104
Trd, 021181.650, 106
Trd, 021185.300, 106
Trd, 021195.450, 104
Trd, 021210.900, 104
Trd, 021212.600, 106
Trd, 021215.550, 106
Trd, 021221.500, 107
Trd, 021241.200, 104
Trd, 021245.350, 107
Trd, 021252.850, 107
Trd, 021270.650, 109
Trd, 021275.500, 108
Trd, 021283.550, 113
Trd, 021284.450, 104
Trd, 021303.800, 109
Trd, 021304.700, 107
Trd, 021305.000, 109
Trd, 021311.400, 104
Trd, 021333.100, 108
Trd, 021333.700, 105
Trd, 021338.050, 109
Trd, 021344.650, 109
Trd, 021361.450, 110
Trd, 021365.300, 111
Trd, 021370.250, 108
Trd, 021375.200, 109
Trd, 021391.700, 107
Trd, 021391.800, 107
Trd, 021392.450, 106
Trd, 021394.050, 104
Trd, 021420.500, 109
Trd, 021421.150, 95
Trd, 021422.350, 104
Trd, 021423.400, 103
Trd, 021424.250, 89
Trd, 021451.600, 102
Trd, 021451.850, 102
Trd, 021453.650, 105
Trd, 021464.350, 101
Trd, 021481.850, 101
Trd, 021482.450, 104
Trd, 021503.350, 105
Trd, 021514.000, 103
Trd, 021519.100, 132
Trd, 021542.000, 121
Trd, 021548.100, 119
Trd, 021548.700, 112
Trd, 021553.750, 103
Trd, 021571.650, 117
Trd, 021574.000, 103
Trd, 021578.300, 109
Trd, 021580.500, 103
Trd, 021601.800, 107
Trd, 021603.150, 106
Trd, 021603.350, 103
Trd, 021623.050, 103
Trd, 021634.000, 105
Trd, 021636.050, 104
Trd, 021649.800, 104
Trd, 021652.600, 102
Trd, 021663.950, 104
Trd, 021664.250, 104
Trd, 021692.450, 103
Trd, 021695.450, 105
Trd, 021700.700, 102
Trd, 021722.400, 99
Trd, 021722.850, 105
Trd, 021723.050, 100
Trd, 021741.050, 93
Trd, 021751.700, 100
Trd, 021754.000, 97
Trd, 021755.000, 95
Trd, 021777.350, 94
Trd, 021782.350, 91
Trd, 021783.350, 89
Trd, 021786.550, 95
Trd, 021790.500, 93
Trd, 021811.950, 104
Trd, 021812.850, 122
Trd, 021813.550, 108
Trd, 021823.100, 127
Trd, 021842.650, 99
Trd, 021843.300, 100
Trd, 021856.850, 95
Trd, 021872.250, 104
Trd, 021873.450, 111
Trd, 021876.050, 107
Trd, 021876.750, 104
Trd, 021902.250, 102
Trd, 021907.200, 132
Trd, 021907.700, 128
Trd, 021932.400, 114
Trd, 021934.000, 93
Trd, 021935.100, 106
Trd, 021962.300, 105
Trd, 021963.000, 105
Trd, 021970.050, 99
Trd, 021988.950, 105
Trd, 021992.850, 106
Trd, 021993.200, 97
Trd, 021993.750, 103
Trd, 022023.350, 103
Trd, 022025.950, 102
Trd, 022026.950, 102
Trd, 022035.200, 96
Trd, 022052.700, 105
Trd, 022054.050, 108
Trd, 022058.100, 107
Trd, 022059.150, 99
Trd, 022083.550, 108
Trd, 022087.150, 106
Trd, 022089.100, 104
Trd, 022099.050, 106
Trd, 022113.200, 107
Trd, 022113.900, 103
Trd, 022115.600, 102
Trd, 022128.050, 100
Trd, 022142.950, 101
Trd, 022143.350, 100
Trd, 022150.000, 102
Trd, 022173.100, 123
Trd, 022173.750, 93
Trd, 022174.950, 94
Trd, 022202.900, 94
Trd, 022204.350, 121
Trd, 022204.850, 100
Trd, 022206.500, 98
Trd, 022233.900, 103
Trd, 022234.450, 102
Trd, 022237.750, 104
Trd, 022238.650, 101
Trd, 022266.350, 103
Trd, 022269.700, 100
Trd, 022290.000, 99
Trd, 022292.550, 102
Trd, 022293.700, 94
Trd, 022293.900, 95
Trd, 022296.100, 94
Trd, 022318.750, 94
Trd, 022321.250, 99
Trd, 022323.700, 100
Trd, 022326.300, 98
Trd, 022337.950, 92
Trd, 022353.800, 88
Trd, 022354.850, 91
Trd, 022362.150, 95
Trd, 022371.050, 129
Trd, 022384.800, 107
Trd, 022386.400, 100
Trd, 022387.900, 104
Trd, 022406.700, 104
Trd, 022413.700, 110
Trd, 022418.200, 91
Trd, 022422.250, 93
Trd, 022429.600, 101
Trd, 022444.900, 98
Trd, 022446.000, 94
Trd, 022448.800, 98
Trd, 022474.250, 86
Trd, 022474.650, 96
Trd, 022475.050, 98
Trd, 022477.100, 93
Trd, 022504.000, 94
Trd, 022504.750, 95
Trd, 022506.400, 95
Trd, 022534.150, 95
Trd, 022536.050, 99
Trd, 022536.850, 99
Trd, 022547.700, 105
Trd, 022564.600, 100
Trd, 022564.750, 102
Trd, 022566.950, 99
Trd, 022569.750, 73
Trd, 022569.900, 102
Trd, 022598.150, 102
Trd, 022601.900, 121
Trd, 022608.050, 132
Trd, 022622.950, 99
Trd, 022624.500, 113
Trd, 022627.350, 102
Trd, 022628.600, 102
Trd, 022635.950, 119
Trd, 022655.150, 114
Trd, 022662.300, 110
Trd, 022664.600, 111
Trd, 022685.100, 88
Trd, 022685.400, 101
Trd, 022686.150, 94
Trd, 022689.350, 98
Trd, 022714.200, 103
Trd, 022714.850, 110
Trd, 022715.250, 105
Trd, 022719.000, 106
Trd, 022729.850, 103
Trd, 022744.850, 107
Trd, 022746.850, 96
Trd, 022749.500, 107
Trd, 022764.100, 104
Trd, 022775.900, 86
Trd, 022776.400, 92
Trd, 022778.900, 102
Trd, 022788.600, 127
Trd, 022805.450, 90
Trd, 022806.100, 92
Trd, 022814.600, 95
Trd, 022826.900, 116
Trd, 022835.400, 103
Trd, 022836.900, 102
Trd, 022837.200, 97
Trd, 022865.100, 125
Trd, 022866.050, 108
Trd, 022866.400, 115
Trd, 022897.850, 108
Trd, 022898.700, 108
Trd, 022919.900, 105
Trd, 022922.600, 103
Trd, 022925.850, 106
Trd, 022927.150, 101
Trd, 022940.400, 94
Trd, 022945.950, 102
Trd, 022955.650, 106
Trd, 022956.050, 104
Trd, 022960.500, 104
Trd, 022985.800, 100
Trd, 022995.150, 110
Trd, 023009.900, 104
Trd, 023016.300, 103
Trd, 023029.450, 110
Trd, 023046.050, 109
Trd, 023049.200, 94
Trd, 023049.400, 103
Trd, 023056.000, 106
Trd, 023076.050, 101
Trd, 023076.250, 92
Trd, 023076.700, 99
Trd, 023095.650, 107
Trd, 023106.050, 102
Trd, 023106.150, 102
Trd, 023112.100, 101
Trd, 023113.900, 99
Trd, 023136.450, 101
Trd, 023138.050, 102
Trd, 023138.350, 127
Trd, 023160.550, 101
Trd, 023165.950, 107
Trd, 023167.700, 106
Trd, 023170.950, 107
Trd, 023171.950, 108
Trd, 023185.050, 123
Trd, 023196.650, 121
Trd, 023199.450, 107
Trd, 023211.550, 108
Trd, 023219.400, 104
Trd, 023227.050, 109
Trd, 023227.450, 107
Trd, 023227.700, 108
Trd, 023228.650, 103
Trd, 023256.900, 104
Trd, 023257.600, 106
Trd, 023259.950, 107
Trd, 023287.050, 107
Trd, 023287.900, 107
Trd, 023291.400, 107
Trd, 023295.450, 108
Trd, 023295.600, 103
Trd, 023321.100, 108
Trd, 023321.200, 108
Trd, 023330.800, 105
Trd, 023347.550, 107
Trd, 023355.050, 104
Trd, 023361.100, 108
Trd, 023377.500, 118
Trd, 023377.700, 118
Trd, 023393.850, 104
Trd, 023408.150, 110
Trd, 023415.600, 103
Trd, 023421.550, 99
Trd, 023433.150, 109
Trd, 023438.300, 107
Trd, 023445.600, 106
Trd, 023456.550, 93
Trd, 023467.450, 77
Trd, 023492.400, 115
Trd, 023497.500, 124
Trd, 023497.850, 124
Trd, 023498.900, 117
Trd, 023502.300, 103
Trd, 023527.650, 117
Trd, 023528.050, 114
Trd, 023531.100, 95
Trd, 023548.800, 77
Trd, 023557.950, 97
Trd, 023560.500, 94
Trd, 023562.550, 97
Trd, 023566.950, 103
Trd, 023588.650, 95
Trd, 023593.000, 101
Trd, 023604.050, 97
Trd, 023614.200, 100
Trd, 023618.800, 99
Trd, 023619.850, 100
Trd, 023622.800, 101
Trd, 023651.650, 98
Trd, 023660.150, 99
Trd, 023669.150, 97
Trd, 023680.500, 98
Trd, 023681.250, 98
Trd, 023683.800, 99
Trd, 023693.150, 97
Trd, 023708.500, 98
Trd, 023712.800, 100
Trd, 023717.350, 93
Trd, 023728.500, 100
Trd, 023743.400, 99
Trd, 023745.400, 96
Trd, 023768.850, 99
Trd, 023774.750, 96
Trd, 023799.250, 87
Trd, 023799.400, 100
Trd, 023805.200, 97
Trd, 023815.700, 97
Trd, 023829.450, 95
Trd, 023829.950, 94
Trd, 023830.750, 94
Trd, 023832.800, 94
Trd, 023858.750, 95
Trd, 023859.950, 94
Trd, 023862.450, 94
Trd, 023866.350, 93
Trd, 023889.450, 94
Trd, 023891.000, 94
Trd, 023891.800, 95
Trd, 023897.050, 103
Trd, 023899.050, 100
Trd, 023919.700, 84
Trd, 023919.750, 88
Trd, 023920.550, 72
Trd, 023929.500, 94
Trd, 023948.800, 127
Trd, 023950.550, 99
Trd, 023951.250, 98
Trd, 023963.050, 95
Trd, 023967.500, 87
Trd, 023979.250, 94
Trd, 023986.000, 93
Trd, 023992.450, 89
Trd, 023993.300, 94
Trd, 024011.400, 92
Trd, 024011.800, 92
Trd, 024016.150, 94
Trd, 024018.400, 103
Trd, 024039.200, 103
Trd, 024039.550, 102
Trd, 024040.650, 103
Trd, 024060.850, 91
Trd, 024070.150, 97
Trd, 024073.100, 98
Trd, 024087.200, 97
Trd, 024091.950, 99
Trd, 024094.350, 86
Trd, 024101.050, 97
Trd, 024108.750, 96
Trd, 024125.400, 93
Trd, 024129.650, 96
Trd, 024142.400, 95
Trd, 024146.250, 94
Trd, 024148.250, 91
Trd, 024159.650, 94
Trd, 024159.750, 96
Trd, 024173.300, 96
Trd, 024177.400, 111
Trd, 024190.300, 108
Trd, 024194.350, 100
Trd, 024199.750, 104
Trd, 024218.250, 104
Trd, 024220.800, 103
Trd, 024221.000, 100
Trd, 024223.400, 103
Trd, 024249.850, 113
Trd, 024251.650, 94
Trd, 024257.000, 97
Trd, 024274.150, 97
Trd, 024280.850, 96
Trd, 024297.000, 110
Trd, 024302.150, 115
Trd, 024310.550, 115
Trd, 024311.250, 109
Trd, 024315.450, 104
Trd, 024317.900, 101
Trd, 024331.400, 107
Trd, 024340.250, 106
Trd, 024341.500, 102
Trd, 024347.500, 106
Trd, 024364.950, 103
Trd, 024370.700, 103
Trd, 024371.900, 102
Trd, 024372.650, 100
Trd, 024374.250, 103
Trd, 024400.650, 100
Trd, 024401.350, 100
Trd, 024407.850, 102
Trd, 024416.800, 99
Trd, 024432.950, 101
Trd, 024440.050, 107
Trd, 024461.200, 106
Trd, 024462.450, 113
Trd, 024467.750, 95
Trd, 024477.100, 100
Trd, 024481.400, 82
Trd, 024491.150, 97
Trd, 024492.700, 91
Trd, 024493.950, 94
Trd, 024510.300, 100
Trd, 024521.000, 86
Trd, 024521.050, 95
Trd, 024523.350, 94
Trd, 024535.000, 89
Trd, 024552.350, 90
Trd, 024552.700, 92
Trd, 024552.800, 94
Trd, 024560.250, 90
Trd, 024580.950, 92
Trd, 024591.550, 113
Trd, 024594.100, 91
Trd, 024597.900, 115
Trd, 024611.150, 76
Trd, 024611.400, 102
Trd, 024613.700, 97
Trd, 024638.450, 86
Trd, 024641.100, 94
Trd, 024642.600, 85
Trd, 024643.250, 88
Trd, 024657.750, 100
Trd, 024672.000, 101
Trd, 024672.250, 100
Trd, 024673.400, 101
Trd, 024701.550, 93
Trd, 024702.300, 95
Trd, 024702.700, 103
Trd, 024725.650, 121
Trd, 024731.750, 104
Trd, 024737.550, 103
Trd, 024743.350, 82
Trd, 024749.350, 98
Trd, 024761.900, 98
Trd, 024764.100, 86
Trd, 024764.900, 89
Trd, 024785.500, 105
Trd, 024792.200, 116
Trd, 024792.350, 104
Trd, 024793.750, 101
Trd, 024800.150, 90
Trd, 024821.850, 102
Trd, 024822.050, 102
Trd, 024823.100, 95
Trd, 024830.400, 129
Trd, 024850.050, 91
Trd, 024852.700, 98
Trd, 024854.900, 98
Trd, 024857.200, 97
Trd, 024879.850, 99
Trd, 024882.300, 88
Trd, 024882.850, 93
Trd, 024884.100, 98
Trd, 024886.500, 99
Trd, 024912.650, 98
Trd, 024914.450, 96
Trd, 024914.950, 92
Trd, 024915.800, 91
Trd, 024927.750, 94
Trd, 024943.000, 95
Trd, 024944.600, 95
Trd, 024945.500, 93
Trd, 024948.800, 94
Trd, 024966.200, 125
Trd, 024972.350, 106
Trd, 024972.450, 101
Trd, 024974.150, 96
Trd, 024982.600, 98
Trd, 025003.050, 97
Trd, 025003.950, 99
Trd, 025007.400, 99
Trd, 025033.200, 106
Trd, 025037.250, 103
Trd, 025038.250, 102
Trd, 025043.050, 101
Trd, 025062.850, 102
Trd, 025063.450, 103
Trd, 025063.950, 100
Trd, 025092.650, 104
Trd, 025094.850, 94
Trd, 025101.150, 94
Trd, 025105.000, 96
Trd, 025123.000, 96
Trd, 025123.450, 96
Trd, 025124.500, 95
Trd, 025129.200, 88
Trd, 025153.550, 93
Trd, 025162.000, 124
Trd, 025170.450, 122
Trd, 025185.050, 115
Trd, 025199.350, 110
Trd, 025213.700, 107
Trd, 025214.650, 105
Trd, 025218.750, 105
Trd, 025220.300, 104
Trd, 025244.850, 105
Trd, 025246.450, 103
Trd, 025247.350, 105
Trd, 025259.000, 104
Trd, 025274.500, 103
Trd, 025285.250, 105
Trd, 025305.050, 105
Trd, 025311.500, 102
Trd, 025335.950, 106
Trd, 025337.700, 101
Trd, 025356.200, 100
Trd, 025364.250, 104
Trd, 025366.150, 99
Trd, 025370.500, 98
Trd, 025395.000, 99
Trd, 025396.200, 97
Trd, 025398.150, 99
Trd, 025406.800, 96
Trd, 025426.150, 99
Trd, 025426.350, 95
Trd, 025436.100, 98
Trd, 025454.750, 94
Trd, 025461.400, 119
Trd, 025472.100, 115
Trd, 025486.500, 119
Trd, 025491.100, 116
Trd, 025516.050, 115
Trd, 025519.900, 118
Trd, 025528.000, 107
Trd, 025545.250, 104
Trd, 025549.700, 104
Trd, 025550.100, 103
Trd, 025557.250, 102
Trd, 025575.800, 104
Trd, 025577.350, 105
Trd, 025589.150, 103
Trd, 025618.300, 103
Trd, 025635.600, 102
Trd, 025635.800, 101
Trd, 025636.750, 99
Trd, 025669.750, 101
Trd, 025672.450, 99
Trd, 025693.300, 100
Trd, 025693.400, 98
Trd, 025695.450, 98
Trd, 025703.750, 96
Trd, 025704.200, 99
Trd, 025729.350, 98
Trd, 025729.750, 98
Trd, 025757.300, 96
Trd, 025757.550, 95
Trd, 025762.100, 97
Trd, 025771.850, 98
Trd, 025785.450, 72
Trd, 025786.750, 95
Trd, 025791.050, 94
Trd, 025808.650, 93
Trd, 025815.350, 93
Trd, 025815.800, 94
Trd, 025816.250, 70
Trd, 025838.350, 95
Trd, 025845.200, 100
Trd, 025845.850, 94
Trd, 025846.800, 97
Trd, 025854.600, 99
Trd, 025875.850, 97
Trd, 025876.850, 77
Trd, 025881.200, 116
Trd, 025891.550, 108
Trd, 025905.500, 106
Trd, 025907.450, 105
Trd, 025910.050, 101
Trd, 025929.350, 92
Trd, 025934.350, 105
Trd, 025936.500, 104
Trd, 025940.600, 103
Trd, 025946.850, 103
Trd, 025972.700, 103
Trd, 025974.300, 103
Trd, 025977.900, 102
Trd, 025977.950, 104
Trd, 026004.200, 104
Trd, 026018.400, 101
Trd, 026022.600, 100
Trd, 026027.300, 99
Trd, 026028.350, 105
Trd, 026056.900, 100
Trd, 026062.400, 104
Trd, 026064.600, 99
Trd, 026071.900, 103
Trd, 026078.450, 94
Trd, 026088.100, 98
Trd, 026090.100, 103
Trd, 026109.950, 101
Trd, 026117.200, 98
Trd, 026119.150, 100
Trd, 026148.600, 99
Trd, 026148.900, 100
Trd, 026157.750, 97
Trd, 026165.450, 96
Trd, 026176.450, 88
Trd, 026177.400, 94
Trd, 026177.700, 98
Trd, 026206.750, 111
Trd, 026207.000, 111
Trd, 026207.350, 112
Trd, 026236.800, 108
Trd, 026240.850, 109
Trd, 026267.700, 107
Trd, 026268.250, 76
Trd, 026268.300, 97
Trd, 026269.150, 104
Trd, 026296.600, 100
Trd, 026297.650, 100
Trd, 026299.300, 101
Trd, 026316.900, 106
Trd, 026326.400, 128
Trd, 026326.750, 116
Trd, 026332.700, 108
Trd, 026334.850, 98
Trd, 026334.950, 97
Trd, 026360.150, 101
Trd, 026361.900, 96
Trd, 026363.500, 101
Trd, 026378.800, 95
Trd, 026388.500, 100
Trd, 026388.550, 95
Trd, 026388.750, 100
Trd, 026409.700, 99
Trd, 026417.650, 99
Trd, 026418.800, 98
Trd, 026419.150, 98
Trd, 026421.500, 97
Trd, 026447.700, 97
Trd, 026447.850, 97
Trd, 026449.250, 85
Trd, 026454.250, 95
Trd, 026477.450, 97
Trd, 026478.150, 96
Trd, 026479.600, 102
Trd, 026498.250, 118
Trd, 026502.400, 111
Trd, 026508.600, 107
Trd, 026515.700, 132
Trd, 026517.000, 127
Trd, 026517.500, 101
Trd, 026537.500, 111
Trd, 026542.300, 121
Trd, 026549.800, 114
Trd, 026568.200, 110
Trd, 026569.850, 109
Trd, 026571.850, 109
Trd, 026580.950, 104
Trd, 026597.850, 109
Trd, 026600.050, 106
Trd, 026602.650, 109
Trd, 026608.900, 107
Trd, 026615.500, 104
Trd, 026628.400, 82
Trd, 026628.950, 93
Trd, 026641.800, 108
Trd, 026643.150, 103
Trd, 026654.250, 91
Trd, 026658.400, 101
Trd, 026659.800, 101
Trd, 026667.950, 103
Trd, 026688.550, 107
Trd, 026689.250, 112
Trd, 026695.800, 100
Trd, 026703.150, 106
Trd, 026718.200, 102
Trd, 026725.450, 117
Trd, 026732.500, 114
Trd, 026735.700, 103
Trd, 026749.500, 104
Trd, 026749.600, 98
Trd, 026752.950, 104
Trd, 026757.600, 100
Trd, 026778.450, 105
Trd, 026781.000, 104
Trd, 026781.500, 100
Trd, 026787.750, 100
Trd, 026807.750, 89
Trd, 026808.400, 102
Trd, 026809.350, 84
Trd, 026810.050, 93
Trd, 026811.850, 94
Trd, 026838.750, 100
Trd, 026839.100, 100
Trd, 026839.950, 118
Trd, 026849.400, 103
Trd, 026867.650, 105
Trd, 026868.800, 122
Trd, 026869.450, 112
Trd, 026873.600, 108
Trd, 026899.050, 111
Trd, 026902.450, 108
Trd, 026903.750, 108
Trd, 026922.500, 104
Trd, 026930.400, 107
Trd, 026930.500, 104
Trd, 026937.450, 106
Trd, 026938.850, 103
Trd, 026959.550, 108
Trd, 026960.250, 108
Trd, 026962.300, 104
Trd, 026989.150, 108
Trd, 026990.000, 105
Trd, 027019.450, 87
Trd, 027019.900, 100
Trd, 027021.300, 100
Trd, 027049.500, 94
Trd, 027050.350, 83
Trd, 027050.700, 91
Trd, 027051.350, 98
Trd, 027079.800, 92
Trd, 027082.000, 94
Trd, 027085.000, 94
Trd, 027089.100, 108
Trd, 027098.500, 90
Trd, 027109.750, 86
Trd, 027110.300, 96
Trd, 027111.250, 95
Trd, 027114.150, 96
Trd, 027139.600, 95
Trd, 027140.250, 97
Trd, 027140.800, 96
Trd, 027160.150, 99
Trd, 027169.900, 99
Trd, 027170.750, 107
Trd, 027175.000, 101
Trd, 027185.750, 88
Trd, 027199.800, 101
Trd, 027200.450, 105
Trd, 027201.450, 103
Trd, 027218.650, 94
Trd, 027222.700, 108
Trd, 027230.900, 105
Trd, 027231.750, 103
Trd, 027236.850, 104
Trd, 027238.550, 104
Trd, 027260.050, 104
Trd, 027271.250, 104
Trd, 027281.050, 103
Trd, 027291.400, 104
Trd, 027293.250, 103
Trd, 027320.650, 93
Trd, 027322.450, 99
Trd, 027323.850, 102
Trd, 027324.100, 99
Trd, 027350.850, 100
Trd, 027351.600, 100
Trd, 027351.900, 98
Trd, 027352.700, 100
Trd, 027358.650, 93
Trd, 027383.450, 98
Trd, 027383.650, 98
Trd, 027400.700, 97
Trd, 027411.750, 98
Trd, 027411.950, 98
Trd, 027433.450, 97
Trd, 027436.150, 96
Trd, 027442.900, 97
Trd, 027447.050, 97
Trd, 027461.550, 96
Trd, 027475.850, 97
Trd, 027477.500, 97
Trd, 027492.000, 96
Trd, 027497.400, 95
Trd, 027500.900, 85
Trd, 027501.750, 93
Trd, 027502.850, 94
Trd, 027530.900, 89
Trd, 027543.250, 104
Trd, 027557.250, 118
Trd, 027561.500, 108
Trd, 027561.700, 107
Trd, 027573.800, 103
Trd, 027575.950, 95
Trd, 027591.800, 87
Trd, 027591.850, 88
Trd, 027594.150, 96
Trd, 027621.100, 100
Trd, 027621.200, 99
Trd, 027626.250, 95
Trd, 027646.000, 89
Trd, 027651.400, 100
Trd, 027652.100, 125
Trd, 027654.550, 100
Trd, 027654.950, 105
Trd, 027655.650, 95
Trd, 027681.650, 104
Trd, 027682.650, 105
Trd, 027684.050, 98
Trd, 027695.200, 88
Trd, 027712.800, 101
Trd, 027723.050, 95
Trd, 027723.500, 98
Trd, 027730.650, 98
Trd, 027742.800, 98
Trd, 027744.150, 94
Trd, 027747.900, 96
Trd, 027748.800, 91
Trd, 027755.600, 94
Trd, 027772.100, 92
Trd, 027775.150, 94
Trd, 027776.050, 94
Trd, 027777.150, 108
Trd, 027801.550, 101
Trd, 027804.650, 96
Trd, 027807.350, 99
Trd, 027831.800, 103
Trd, 027832.250, 102
Trd, 027843.350, 102
Trd, 027862.500, 103
Trd, 027871.250, 103
Trd, 027879.900, 102
Trd, 027907.200, 104
Trd, 027919.100, 104
Trd, 027923.500, 100
Trd, 027924.150, 99
Trd, 027926.050, 104
Trd, 027938.950, 107
Trd, 027940.550, 101
Trd, 027958.250, 103
Trd, 027979.100, 102
Trd, 027982.950, 103
Trd, 027984.550, 101
Trd, 027989.100, 100
Trd, 028001.100, 102
Trd, 028012.600, 97
Trd, 028013.250, 97
Trd, 028015.900, 97
Trd, 028023.500, 90
Trd, 028042.750, 96
Trd, 028044.150, 96
Trd, 028044.450, 97
Trd, 028052.600, 98
Trd, 028073.850, 97
Trd, 028074.600, 98
Trd, 028075.300, 99
Trd, 028103.450, 96
Trd, 028104.600, 98
Trd, 028107.250, 98
Trd, 028119.350, 97
Trd, 028133.050, 97
Trd, 028133.250, 95
Trd, 028139.850, 97
Trd, 028145.500, 96
Trd, 028162.800, 96
Trd, 028164.750, 101
Trd, 028174.500, 93
Trd, 028175.100, 98
Trd, 028193.400, 98
Trd, 028195.350, 88
Trd, 028195.950, 97
Trd, 028223.150, 107
Trd, 028226.150, 99
Trd, 028228.600, 98
Trd, 028238.150, 94
Trd, 028239.850, 87
Trd, 028254.000, 98
Trd, 028254.800, 98
Trd, 028257.200, 97
Trd, 028284.100, 98
Trd, 028285.000, 96
Trd, 028285.250, 94
Trd, 028292.000, 117
Trd, 028308.600, 113
Trd, 028313.550, 106
Trd, 028317.400, 105
Trd, 028318.900, 106
Trd, 028328.700, 103
Trd, 028344.200, 101
Trd, 028344.700, 101
Trd, 028349.000, 100
Trd, 028353.050, 101
Trd, 028373.750, 102
Trd, 028374.100, 101
Trd, 028374.650, 99
Trd, 028396.400, 101
Trd, 028405.900, 100
Trd, 028417.600, 100
Trd, 028419.800, 99
Trd, 028432.000, 98
Trd, 028435.200, 98
Trd, 028447.050, 96
Trd, 028458.450, 99
Trd, 028464.450, 95
Trd, 028468.250, 99
Trd, 028487.350, 99
Trd, 028488.700, 95
Trd, 028498.250, 98
Trd, 028504.950, 98
Trd, 028507.500, 94
Trd, 028524.600, 99
Trd, 028524.750, 94
Trd, 028525.450, 88
Trd, 028529.650, 95
Trd, 028554.200, 94
Trd, 028555.350, 94
Trd, 028556.250, 95
Trd, 028584.350, 72
Trd, 028585.200, 82
Trd, 028585.900, 95
Trd, 028587.850, 91
Trd, 028614.450, 104
Trd, 028614.750, 98
Trd, 028617.450, 99
Trd, 028624.650, 101
Trd, 028644.400, 99
Trd, 028650.450, 126
Trd, 028660.700, 126
Trd, 028674.950, 113
Trd, 028678.200, 122
Trd, 028680.350, 121
Trd, 028707.750, 120
Trd, 028709.700, 119
Trd, 028710.000, 102
Trd, 028726.450, 104
Trd, 028728.650, 97
Trd, 028734.800, 100
Trd, 028735.400, 100
Trd, 028737.700, 108
Trd, 028738.300, 108
Trd, 028755.500, 124
Trd, 028764.850, 113
Trd, 028765.650, 104
Trd, 028766.650, 105
Trd, 028777.350, 108
Trd, 028795.100, 107
Trd, 028795.700, 108
Trd, 028818.250, 109
Trd, 028823.350, 103
Trd, 028836.300, 107
Trd, 028836.900, 106
Trd, 028848.000, 105
Trd, 028856.250, 103
Trd, 028857.350, 104
Trd, 028858.600, 103
Trd, 028858.650, 103
Trd, 028885.850, 103
Trd, 028898.450, 105
Trd, 028901.050, 102
Trd, 028922.400, 103
Trd, 028924.450, 103
Trd, 028939.700, 101
Trd, 028946.050, 100
Trd, 028956.850, 103
Trd, 028968.550, 103
Trd, 028978.550, 102
Trd, 028983.100, 102
Trd, 028993.050, 99
Trd, 029011.250, 102
Trd, 029016.100, 101
Trd, 029022.750, 98
Trd, 029037.250, 101
Trd, 029037.900, 98
Trd, 029043.150, 101
Trd, 029066.300, 87
Trd, 029066.350, 92
Trd, 029068.100, 92
Trd, 029071.950, 95
Trd, 029096.100, 100
Trd, 029097.800, 99
Trd, 029100.200, 99
Trd, 029100.700, 98
Trd, 029128.700, 97
Trd, 029131.250, 98
Trd, 029142.350, 96
Trd, 029148.350, 98
Trd, 029156.600, 96
Trd, 029176.150, 98
Trd, 029186.650, 79
Trd, 029187.800, 88
Trd, 029188.050, 88
Trd, 029190.500, 98
Trd, 029216.550, 95
Trd, 029218.150, 95
Trd, 029221.350, 95
Trd, 029227.300, 99
Trd, 029246.600, 101
Trd, 029247.200, 99
Trd, 029247.850, 110
Trd, 029255.050, 81
Trd, 029261.850, 118
Trd, 029277.150, 103
Trd, 029277.400, 100
Trd, 029278.750, 105
Trd, 029280.800, 102
Trd, 029308.150, 102
Trd, 029308.200, 102
Trd, 029314.800, 122
Trd, 029333.800, 114
Trd, 029337.950, 111
Trd, 029338.750, 120
Trd, 029367.200, 111
Trd, 029369.200, 102
Trd, 029370.600, 107
Trd, 029374.900, 102
Trd, 029381.250, 87
Trd, 029398.000, 98
Trd, 029409.650, 98
Trd, 029417.750, 97
Trd, 029429.150, 98
Trd, 029430.750, 98
Trd, 029432.600, 99
Trd, 029435.850, 95
Trd, 029464.100, 99
Trd, 029467.700, 97
Trd, 029480.550, 95
Trd, 029487.800, 99
Trd, 029501.950, 95
Trd, 029502.300, 95
Trd, 029514.400, 96
Trd, 029519.900, 94
Trd, 029524.000, 96
Trd, 029532.450, 96
Trd, 029549.350, 96
Trd, 029550.000, 97
Trd, 029568.100, 96
Trd, 029577.800, 97
Trd, 029578.200, 97
Trd, 029587.800, 106
Trd, 029592.900, 116
Trd, 029608.300, 95
Trd, 029609.450, 87
Trd, 029611.000, 88
Trd, 029622.000, 95
Trd, 029637.800, 91
Trd, 029638.100, 94
Trd, 029638.450, 94
Trd, 029639.050, 95
Trd, 029660.450, 94
Trd, 029667.950, 91
Trd, 029670.750, 96
Trd, 029675.250, 121
Trd, 029676.450, 95
Trd, 029699.000, 96
Trd, 029699.300, 96
Trd, 029701.250, 97
Trd, 029708.150, 96
Trd, 029728.650, 97
Trd, 029729.550, 95
Trd, 029730.450, 93
Trd, 029732.400, 83
Trd, 029758.200, 93
Trd, 029758.950, 93
Trd, 029776.700, 95
Trd, 029789.350, 103
Trd, 029790.800, 99
Trd, 029790.900, 97
Trd, 029792.050, 109
Trd, 029821.650, 101
Trd, 029825.300, 100
Trd, 029825.400, 102
Trd, 029831.200, 102
Trd, 029849.700, 102
Trd, 029857.150, 100
Trd, 029861.750, 103
Trd, 029878.550, 71
Trd, 029878.900, 103
Trd, 029879.250, 114
Trd, 029884.500, 100
Trd, 029908.000, 104
Trd, 029909.050, 104
Trd, 029911.550, 105
Trd, 029912.700, 105
Trd, 029922.850, 100
Trd, 029939.250, 105
Trd, 029939.900, 99
Trd, 029943.100, 117
Trd, 029962.550, 101
Trd, 029970.200, 90
Trd, 029970.300, 91
Trd, 029972.050, 96
Trd, 029981.900, 81
Trd, 030000.050, 94
Trd, 030000.600, 94
Trd, 030001.750, 102
Trd, 030007.800, 99
Trd, 030028.950, 97
Trd, 030030.000, 96
Trd, 030030.350, 98
Trd, 030032.350, 91
Trd, 030034.550, 77
Trd, 030059.600, 98
Trd, 030059.700, 98
Trd, 030062.500, 119
Trd, 030088.000, 102
Trd, 030089.550, 101
Trd, 030091.000, 101
Trd, 030097.250, 99
Trd, 030104.650, 109
Trd, 030119.450, 104
Trd, 030120.150, 86
Trd, 030122.800, 105
Trd, 030150.700, 105
Trd, 030161.350, 103
Trd, 030165.350, 105
Trd, 030178.350, 101
Trd, 030182.500, 101
Trd, 030188.700, 101
Trd, 030195.450, 100
Trd, 030205.900, 104
Trd, 030210.200, 90
Trd, 030210.300, 98
Trd, 030212.950, 101
Trd, 030215.150, 107
Trd, 030217.550, 94
Trd, 030240.400, 102
Trd, 030241.200, 105
Trd, 030242.450, 99
Trd, 030247.000, 107
Trd, 030249.650, 102
Trd, 030270.300, 104
Trd, 030271.250, 104
Trd, 030271.700, 105
Trd, 030276.050, 103
Trd, 030299.850, 107
Trd, 030301.400, 100
Trd, 030314.600, 100
Trd, 030316.400, 94
Trd, 030329.950, 100
Trd, 030330.750, 100
Trd, 030333.450, 100
Trd, 030338.700, 111
Trd, 030361.350, 99
Trd, 030361.450, 113
Trd, 030366.200, 105
Trd, 030366.800, 103
Trd, 030390.650, 105
Trd, 030407.250, 105
Trd, 030417.100, 104
Trd, 030421.950, 105
Trd, 030426.150, 105
Trd, 030433.300, 104
Trd, 030450.750, 97
Trd, 030451.400, 99
Trd, 030452.200, 98
Trd, 030466.100, 120
Trd, 030480.650, 102
Trd, 030484.950, 127
Trd, 030487.200, 126
Trd, 030496.750, 93
Trd, 030510.850, 92
Trd, 030513.850, 98
Trd, 030520.600, 105
Trd, 030526.750, 104
Trd, 030541.250, 104
Trd, 030541.950, 105
Trd, 030561.250, 104
Trd, 030571.750, 91
Trd, 030572.100, 94
Trd, 030572.550, 95
Trd, 030581.950, 93
Trd, 030601.250, 94
Trd, 030601.800, 96
Trd, 030603.800, 97
Trd, 030609.400, 127
Trd, 030620.650, 81
Trd, 030631.350, 97
Trd, 030638.750, 98
Trd, 030641.650, 98
Trd, 030649.150, 101
Trd, 030651.750, 107
Trd, 030661.400, 104
Trd, 030662.500, 99
Trd, 030662.700, 105
Trd, 030697.550, 105
Trd, 030698.950, 102
Trd, 030699.400, 105
Trd, 030708.300, 94
Trd, 030721.750, 99
Trd, 030722.400, 102
Trd, 030735.050, 101
Trd, 030752.050, 100
Trd, 030765.600, 104
Trd, 030770.650, 103
Trd, 030782.900, 104
Trd, 030786.400, 109
Trd, 030795.700, 106
Trd, 030810.150, 109
Trd, 030813.000, 107
Trd, 030813.050, 106
Trd, 030814.350, 106
Trd, 030820.550, 111
Trd, 030825.200, 104
Trd, 030832.950, 94
Trd, 030842.900, 108
Trd, 030845.450, 105
Trd, 030854.800, 107
Trd, 030858.450, 106
Trd, 030874.800, 107
Trd, 030877.300, 105
Trd, 030878.650, 104
Trd, 030880.250, 106
Trd, 030880.800, 106
Trd, 030903.300, 105
Trd, 030903.400, 104
Trd, 030904.300, 103
Trd, 030909.600, 103
Trd, 030932.050, 104
Trd, 030932.500, 105
Trd, 030934.500, 106
Trd, 030943.250, 110
Trd, 030962.150, 106
Trd, 030963.400, 90
Trd, 030966.450, 90
Trd, 030992.350, 90
Trd, 030992.800, 110
Trd, 030998.700, 107
Trd, 031014.000, 102
Trd, 031025.250, 105
Trd, 031028.950, 115
Trd, 031032.650, 115
Trd, 031052.500, 110
Trd, 031054.250, 106
Trd, 031059.000, 123
Trd, 031083.450, 112
Trd, 031084.850, 104
Trd, 031091.650, 108
Trd, 031104.950, 104
Trd, 031113.000, 103
Trd, 031115.450, 104
Trd, 031116.450, 93
Trd, 031120.150, 134
Trd, 031145.450, 101
Trd, 031172.700, 144
Trd, 031177.650, 108
Trd, 031204.200, 103
Trd, 031204.500, 103
Trd, 031213.150, 99
Trd, 031233.300, 120
Trd, 031235.200, 97
Trd, 031235.450, 104
Trd, 031243.450, 79
Trd, 031263.450, 97
Trd, 031263.500, 103
Trd, 031264.150, 99
Trd, 031271.100, 90
Trd, 031293.600, 97
Trd, 031296.350, 97
Trd, 031299.100, 96
Trd, 031323.300, 101
Trd, 031325.050, 97
Trd, 031328.100, 96
Trd, 031349.000, 93
Trd, 031353.700, 92
Trd, 031353.800, 93
Trd, 031379.350, 126
Trd, 031384.150, 123
Trd, 031384.950, 122
Trd, 031388.650, 103
Trd, 031389.550, 120
Trd, 031413.850, 118
Trd, 031415.950, 109
Trd, 031422.900, 109
Trd, 031432.750, 104
Trd, 031443.950, 109
Trd, 031452.550, 127
Trd, 031458.150, 108
Trd, 031475.400, 110
Trd, 031476.200, 103
Trd, 031476.850, 94
Trd, 031487.450, 109
Trd, 031504.600, 105
Trd, 031505.000, 102
Trd, 031506.550, 124
Trd, 031506.650, 122
Trd, 031517.100, 119
Trd, 031534.650, 118
Trd, 031535.600, 108
Trd, 031538.750, 119
Trd, 031541.800, 106
Trd, 031543.350, 101
Trd, 031566.650, 104
Trd, 031566.750, 104
Trd, 031567.100, 100
Trd, 031575.300, 90
Trd, 031594.450, 117
Trd, 031596.200, 103
Trd, 031596.700, 104
Trd, 031598.250, 102
Trd, 031620.150, 104
Trd, 031624.700, 106
Trd, 031626.250, 107
Trd, 031627.500, 105
Trd, 031629.350, 106
Trd, 031654.850, 105
Trd, 031657.800, 104
Trd, 031663.550, 106
Trd, 031666.550, 90
Trd, 031669.250, 92
Trd, 031685.050, 98
Trd, 031685.250, 96
Trd, 031687.500, 99
Trd, 031695.350, 127
Trd, 031711.400, 92
Trd, 031714.750, 102
Trd, 031715.200, 100
Trd, 031721.450, 103
Trd, 031721.500, 94
Trd, 031745.650, 100
Trd, 031745.950, 87
Trd, 031746.950, 87
Trd, 031747.400, 97
Trd, 031775.250, 94
Trd, 031775.500, 112
Trd, 031776.250, 102
Trd, 031790.700, 94
Trd, 031805.250, 82
Trd, 031805.500, 91
Trd, 031805.700, 99
Trd, 031807.450, 96
Trd, 031834.950, 97
Trd, 031835.800, 85
Trd, 031836.400, 97
Trd, 031838.550, 96
Trd, 031862.600, 104
Trd, 031865.350, 100
Trd, 031867.350, 91
Trd, 031869.250, 92
Trd, 031870.600, 111
Trd, 031895.550, 99
Trd, 031896.000, 83
Trd, 031897.100, 90
Trd, 031904.800, 94
Trd, 031925.450, 123
Trd, 031929.100, 94
Trd, 031930.350, 99
Trd, 031954.550, 99
Trd, 031955.600, 88
Trd, 031955.750, 98
Trd, 031957.400, 90
Trd, 031957.700, 100
Trd, 031973.900, 119
Trd, 031985.700, 105
Trd, 031986.350, 107
Trd, 031987.300, 107
Trd, 031987.800, 104
Trd, 032015.750, 106
Trd, 032016.650, 101
Trd, 032018.550, 96
Trd, 032028.300, 114
Trd, 032045.900, 102
Trd, 032046.200, 104
Trd, 032047.750, 97
Trd, 032052.100, 96
Trd, 032076.000, 100
Trd, 032077.100, 105
Trd, 032077.850, 103
Trd, 032078.150, 92
Trd, 032090.000, 125
Trd, 032107.300, 106
Trd, 032109.100, 105
Trd, 032112.600, 104
Trd, 032113.050, 103
Trd, 032127.550, 94
Trd, 032136.350, 100
Trd, 032137.300, 104
Trd, 032138.600, 103
Trd, 032141.100, 102
Trd, 032166.300, 102
Trd, 032168.500, 126
Trd, 032171.250, 109
Trd, 032197.050, 104
Trd, 032198.400, 108
Trd, 032201.850, 100
Trd, 032204.650, 95
Trd, 032226.200, 112
Trd, 032230.700, 85
Trd, 032232.050, 85
Trd, 032232.800, 86
Trd, 032257.100, 86
Trd, 032257.250, 86
Trd, 032260.950, 97
Trd, 032273.900, 102
Trd, 032286.650, 108
Trd, 032290.350, 91
Trd, 032293.750, 98
Trd, 032302.650, 86
Trd, 032317.700, 97
Trd, 032320.050, 96
Trd, 032320.700, 97
Trd, 032334.200, 98
Trd, 032347.500, 98
Trd, 032347.800, 102
Trd, 032348.150, 118
Trd, 032357.700, 101
Trd, 032376.750, 107
Trd, 032385.500, 106
Trd, 032399.450, 103
Trd, 032400.600, 118
Trd, 032407.300, 116
Trd, 032415.200, 110
Trd, 032415.550, 111
Trd, 032431.350, 104
Trd, 032437.050, 112
Trd, 032438.350, 105
Trd, 032446.150, 105
Trd, 032458.750, 104
Trd, 032468.000, 105
Trd, 032469.850, 106
Trd, 032470.400, 106
Trd, 032474.000, 104
Trd, 032498.500, 105
Trd, 032499.100, 106
Trd, 032503.150, 103
Trd, 032507.900, 112
Trd, 032529.700, 107
Trd, 032530.000, 108
Trd, 032532.700, 111
Trd, 032540.400, 104
Trd, 032558.050, 100
Trd, 032558.700, 102
Trd, 032558.850, 101
Trd, 032560.550, 103
Trd, 032587.500, 102
Trd, 032587.800, 107
Trd, 032591.000, 104
Trd, 032594.950, 103
Trd, 032619.550, 102
Trd, 032620.300, 101
Trd, 032620.450, 102
Trd, 032624.850, 101
Trd, 032647.900, 100
Trd, 032649.150, 99
Trd, 032672.550, 127
Trd, 032674.200, 135
Trd, 032678.400, 128
Trd, 032678.900, 98
Trd, 032685.800, 96
Trd, 032703.450, 104
Trd, 032708.150, 103
Trd, 032709.700, 97
Trd, 032715.500, 117
Trd, 032738.700, 108
Trd, 032739.150, 102
Trd, 032739.850, 106
Trd, 032756.650, 109
Trd, 032769.150, 87
Trd, 032770.500, 107
Trd, 032771.600, 115
Trd, 032798.300, 100
Trd, 032798.800, 92
Trd, 032800.100, 97
Trd, 032801.900, 96
Trd, 032812.950, 110
Trd, 032824.800, 94
Trd, 032828.250, 102
Trd, 032828.350, 101
Trd, 032829.450, 103
Trd, 032836.250, 101
Trd, 032858.700, 102
Trd, 032859.350, 102
Trd, 032860.050, 101
Trd, 032862.150, 86
Trd, 032864.400, 127
Trd, 032889.000, 95
Trd, 032892.200, 128
Trd, 032910.150, 127
Trd, 032919.300, 127
Trd, 032936.650, 123
Trd, 032944.700, 119
Trd, 032949.050, 109
Trd, 032950.000, 112
Trd, 032957.700, 112
Trd, 032978.900, 113
Trd, 032979.550, 104
Trd, 032980.700, 84
Trd, 032996.550, 109
Trd, 033004.350, 109
Trd, 033009.700, 108
Trd, 033027.650, 119
Trd, 033032.500, 116
Trd, 033039.300, 115
Trd, 033040.050, 119
Trd, 033040.900, 114
Trd, 033049.050, 109
Trd, 033071.950, 115
Trd, 033073.950, 113
Trd, 033074.000, 104
Trd, 033098.750, 125
Trd, 033102.700, 121
Trd, 033109.150, 120
Trd, 033127.750, 104
Trd, 033128.600, 114
Trd, 033130.050, 103
Trd, 033135.050, 97
Trd, 033135.900, 110
Trd, 033148.550, 110
Trd, 033159.350, 85
Trd, 033159.950, 85
Trd, 033160.850, 100
Trd, 033179.150, 110
Trd, 033189.100, 112
Trd, 033189.450, 107
Trd, 033191.850, 108
Trd, 033192.750, 104
Trd, 033198.500, 119
Trd, 033219.250, 111
Trd, 033220.050, 96
Trd, 033230.750, 107
Trd, 033232.650, 100
Trd, 033244.000, 107
Trd, 033249.650, 93
Trd, 033250.000, 86
Trd, 033250.250, 98
Trd, 033256.350, 108
Trd, 033272.850, 115
Trd, 033278.950, 113
Trd, 033280.750, 90
Trd, 033282.400, 95
Trd, 033286.500, 98
Trd, 033310.100, 104
Trd, 033310.450, 101
Trd, 033314.900, 101
Trd, 033327.850, 111
Trd, 033339.000, 109
Trd, 033341.650, 101
Trd, 033344.000, 98
Trd, 033369.050, 105
Trd, 033372.450, 95
Trd, 033374.850, 92
Trd, 033382.900, 93
Trd, 033388.800, 77
Trd, 033400.250, 93
Trd, 033400.350, 93
Trd, 033400.500, 95
Trd, 033408.550, 103
Trd, 033429.800, 83
Trd, 033431.650, 95
Trd, 033433.550, 98
Trd, 033440.250, 88
Trd, 033460.150, 92
Trd, 033472.400, 120
Trd, 033483.550, 127
Trd, 033489.700, 127
Trd, 033496.350, 106
Trd, 033497.350, 97
Trd, 033501.400, 106
Trd, 033519.500, 104
Trd, 033519.550, 106
Trd, 033520.350, 96
Trd, 033549.800, 107
Trd, 033555.400, 104
Trd, 033566.500, 105
Trd, 033579.550, 105
Trd, 033582.150, 105
Trd, 033583.350, 104
Trd, 033589.650, 103
Trd, 033610.100, 105
Trd, 033611.300, 105
Trd, 033617.450, 106
Trd, 033636.750, 103
Trd, 033648.150, 106
Trd, 033657.450, 106
Trd, 033663.600, 104
Trd, 033672.800, 106
Trd, 033677.200, 103
Trd, 033687.250, 102
Trd, 033701.100, 105
Trd, 033702.400, 104
Trd, 033704.950, 101
Trd, 033712.900, 103
Trd, 033733.500, 103
Trd, 033741.450, 101
Trd, 033753.700, 103
Trd, 033761.700, 102
Trd, 033764.450, 101
Trd, 033783.400, 102
Trd, 033790.350, 102
Trd, 033790.850, 104
Trd, 033791.400, 102
Trd, 033794.550, 101
Trd, 033821.850, 102
Trd, 033822.350, 101
Trd, 033823.700, 102
Trd, 033827.700, 101
Trd, 033848.300, 100
Trd, 033850.000, 103
Trd, 033857.950, 103
Trd, 033858.050, 99
Trd, 033876.550, 103
Trd, 033887.800, 101
Trd, 033888.000, 103
Trd, 033905.850, 101
Trd, 033915.250, 100
Trd, 033917.000, 101
Trd, 033924.350, 96
Trd, 033941.100, 101
Trd, 033948.400, 101
Trd, 033953.100, 98
Trd, 033953.150, 101
Trd, 033970.750, 101
Trd, 033978.200, 117
Trd, 033993.650, 107
Trd, 034000.250, 106
Trd, 034006.950, 102
Trd, 034022.850, 126
Trd, 034030.750, 111
Trd, 034035.950, 109
Trd, 034045.800, 107
Trd, 034053.050, 102
Trd, 034057.350, 87
Trd, 034061.050, 106
Trd, 034063.100, 103
Trd, 034066.050, 104
Trd, 034073.500, 97
Trd, 034090.550, 105
Trd, 034092.950, 105
Trd, 034095.850, 106
Trd, 034112.400, 103
Trd, 034120.750, 85
Trd, 034122.050, 98
Trd, 034123.350, 99
Trd, 034132.200, 98
Trd, 034150.800, 94
Trd, 034150.850, 97
Trd, 034151.250, 98
Trd, 034157.700, 102
Trd, 034181.200, 99
Trd, 034181.550, 94
Trd, 034185.550, 95
Trd, 034200.250, 100
Trd, 034211.250, 96
Trd, 034214.650, 110
Trd, 034240.600, 104
Trd, 034245.700, 115
Trd, 034263.500, 103
Trd, 034271.000, 102
Trd, 034271.750, 99
Trd, 034271.850, 102
Trd, 034290.700, 107
Trd, 034301.700, 128
Trd, 034302.600, 112
Trd, 034314.950, 109
Trd, 034321.250, 104
Trd, 034332.800, 107
Trd, 034338.200, 103
Trd, 034338.950, 106
Trd, 034359.400, 105
Trd, 034361.050, 127
Trd, 034366.550, 106
Trd, 034396.150, 105
Trd, 034415.900, 113
Trd, 034421.250, 114
Trd, 034434.100, 108
Trd, 034452.450, 107
Trd, 034452.600, 111
Trd, 034477.200, 101
Trd, 034482.250, 104
Trd, 034483.400, 105
Trd, 034484.300, 105
Trd, 034499.250, 91
Trd, 034514.850, 101
Trd, 034517.050, 100
Trd, 034520.050, 101
Trd, 034537.850, 101
Trd, 034540.400, 100
Trd, 034541.550, 101
Trd, 034544.000, 101
Trd, 034565.750, 99
Trd, 034574.750, 101
Trd, 034581.200, 101
Trd, 034585.700, 98
Trd, 034601.650, 101
Trd, 034610.300, 100
Trd, 034628.600, 97
Trd, 034632.450, 96
Trd, 034633.050, 95
Trd, 034636.350, 99
Trd, 034640.250, 94
Trd, 034662.250, 97
Trd, 034663.200, 97
Trd, 034664.450, 100
Trd, 034672.550, 109
Trd, 034681.550, 78
Trd, 034689.950, 102
Trd, 034691.300, 96
Trd, 034694.000, 101
Trd, 034701.250, 103
Trd, 034711.950, 101
Trd, 034721.300, 101
Trd, 034732.400, 107
Trd, 034751.850, 107
Trd, 034757.850, 105
Trd, 034758.250, 101
Trd, 034762.900, 105
Trd, 034772.450, 100
Trd, 034781.650, 106
Trd, 034782.050, 101
Trd, 034782.100, 106
Trd, 034811.650, 85
Trd, 034811.900, 80
Trd, 034812.850, 95
Trd, 034820.200, 94
Trd, 034842.200, 92
Trd, 034842.250, 94
Trd, 034842.550, 98
Trd, 034844.050, 88
Trd, 034861.200, 108
Trd, 034872.050, 101
Trd, 034872.200, 104
Trd, 034873.000, 81
Trd, 034873.450, 90
Trd, 034902.450, 102
Trd, 034903.400, 104
Trd, 034903.850, 97
Trd, 034908.050, 97
Trd, 034931.900, 94
Trd, 034935.600, 96
Trd, 034962.450, 95
Trd, 034963.750, 100
Trd, 034965.000, 102
Trd, 034967.100, 103
Trd, 034992.550, 88
Trd, 034994.150, 91
Trd, 035008.350, 99
Trd, 035022.450, 95
Trd, 035022.750, 96
Trd, 035023.950, 87
Trd, 035029.400, 92
Trd, 035035.450, 86
Trd, 035038.200, 128
Trd, 035052.900, 94
Trd, 035053.450, 95
Trd, 035054.350, 96
Trd, 035061.000, 91
Trd, 035083.350, 95
Trd, 035084.350, 95
Trd, 035084.450, 95
Trd, 035091.100, 94
Trd, 035094.750, 100
Trd, 035112.900, 90
Trd, 035113.000, 97
Trd, 035113.300, 97
Trd, 035122.750, 87
Trd, 035142.350, 95
Trd, 035145.900, 94
Trd, 035150.300, 119
Trd, 035173.700, 104
Trd, 035174.850, 118
Trd, 035175.100, 101
Trd, 035178.000, 93
Trd, 035204.500, 104
Trd, 035205.600, 108
Trd, 035229.800, 106
Trd, 035232.650, 91
Trd, 035233.100, 100
Trd, 035233.200, 100
Trd, 035237.300, 102
Trd, 035244.400, 114
Trd, 035265.150, 106
Trd, 035267.150, 104
Trd, 035274.800, 107
Trd, 035289.400, 103
Trd, 035292.850, 107
Trd, 035296.250, 104
Trd, 035296.600, 103
Trd, 035297.250, 103
Trd, 035314.250, 81
Trd, 035323.900, 100
Trd, 035325.550, 103
Trd, 035331.500, 103
Trd, 035342.650, 100
Trd, 035355.100, 99
Trd, 035367.900, 102
Trd, 035382.750, 101
Trd, 035407.600, 111
Trd, 035412.750, 95
Trd, 035413.650, 101
Trd, 035423.800, 95
Trd, 035429.000, 97
Trd, 035442.550, 97
Trd, 035443.550, 96
Trd, 035453.450, 123
Trd, 035464.350, 104
Trd, 035473.050, 105
Trd, 035474.050, 103
Trd, 035480.950, 106
Trd, 035485.300, 97
Trd, 035502.800, 92
Trd, 035504.700, 101
Trd, 035507.550, 102
Trd, 035517.050, 102
Trd, 035532.950, 103
Trd, 035533.700, 100
Trd, 035545.000, 103
Trd, 035567.900, 101
Trd, 035572.850, 102
Trd, 035609.050, 102
Trd, 035615.600, 102
Trd, 035625.100, 99
Trd, 035627.400, 102
Trd, 035630.800, 102
Trd, 035656.200, 101
Trd, 035663.050, 98
Trd, 035683.150, 113
Trd, 035684.500, 100
Trd, 035687.800, 105
Trd, 035713.700, 101
Trd, 035714.150, 106
Trd, 035716.300, 104
Trd, 035717.050, 100
Trd, 035748.000, 105
Trd, 035763.500, 99
Trd, 035764.250, 104
Trd, 035774.000, 104
Trd, 035802.100, 104
Trd, 035804.400, 105
Trd, 035817.850, 110
Trd, 035817.900, 103
Trd, 035829.350, 121
Trd, 035835.200, 117
Trd, 035842.350, 109
Trd, 035845.050, 104
Trd, 035846.850, 106
Trd, 035863.450, 107
Trd, 035863.850, 111
Trd, 035874.850, 98
Trd, 035880.300, 90
Trd, 035893.650, 98
Trd, 035894.950, 98
Trd, 035904.200, 98
Trd, 035910.750, 106
Trd, 035924.550, 101
Trd, 035930.350, 102
Trd, 035944.400, 102
Trd, 035947.700, 99
Trd, 035954.100, 99
Trd, 035956.200, 99
Trd, 035958.850, 98
Trd, 035983.550, 117
Trd, 035983.600, 110
Trd, 035985.350, 98
Trd, 036015.300, 93
Trd, 036016.850, 102
Trd, 036036.500, 114
Trd, 036043.250, 123
Trd, 036044.200, 104
Trd, 036045.050, 106
Trd, 036045.650, 111
Trd, 036052.000, 109
Trd, 036067.150, 80
Trd, 036074.300, 100
Trd, 036074.550, 99
Trd, 036092.900, 118
Trd, 036093.150, 102
Trd, 036103.900, 110
Trd, 036106.000, 101
Trd, 036107.050, 92
Trd, 036127.100, 101
Trd, 036134.500, 101
Trd, 036135.450, 101
Trd, 036139.750, 98
Trd, 036164.700, 99
Trd, 036167.100, 101
Trd, 036172.750, 98
Trd, 036178.550, 93
Trd, 036190.750, 100
Trd, 036198.250, 96
Trd, 036203.950, 99
Trd, 036218.400, 95
Trd, 036224.000, 97
Trd, 036224.300, 94
Trd, 036257.500, 96
Trd, 036258.250, 95
Trd, 036258.800, 94
Trd, 036264.250, 93
Trd, 036264.350, 127
Trd, 036284.300, 111
Trd, 036284.550, 106
Trd, 036303.000, 106
Trd, 036304.350, 103
Trd, 036314.350, 104
Trd, 036316.450, 106
Trd, 036317.500, 102
Trd, 036348.450, 103
Trd, 036357.450, 106
Trd, 036374.550, 106
Trd, 036375.700, 127
Trd, 036389.700, 104
Trd, 036404.900, 126
Trd, 036410.250, 107
Trd, 036429.750, 109
Trd, 036435.350, 108
Trd, 036435.500, 104
Trd, 036435.700, 109
Trd, 036440.500, 103
Trd, 036464.250, 102
Trd, 036465.850, 110
Trd, 036467.700, 104
Trd, 036475.600, 107
Trd, 036495.050, 102
Trd, 036495.650, 97
Trd, 036496.450, 96
Trd, 036497.550, 122
Trd, 036506.650, 111
Trd, 036524.600, 95
Trd, 036526.700, 108
Trd, 036532.200, 114
Trd, 036555.550, 107
Trd, 036559.750, 106
Trd, 036564.950, 107
Trd, 036573.050, 103
Trd, 036586.900, 106
Trd, 036587.200, 105
Trd, 036589.500, 106
Trd, 036615.500, 106
Trd, 036616.500, 105
Trd, 036616.550, 104
Trd, 036618.600, 105
Trd, 036644.500, 100
Trd, 036644.600, 107
Trd, 036647.900, 87
Trd, 036651.950, 93
Trd, 036658.200, 106
Trd, 036670.900, 103
Trd, 036675.250, 102
Trd, 036675.800, 100
Trd, 036677.050, 100
Trd, 036685.900, 99
Trd, 036706.700, 107
Trd, 036706.950, 106
Trd, 036710.450, 104
Trd, 036719.950, 109
Trd, 036734.800, 111
Trd, 036736.200, 104
Trd, 036738.000, 103
Trd, 036744.650, 108
Trd, 036748.650, 127
Trd, 036766.000, 107
Trd, 036770.400, 108
Trd, 036778.200, 104
Trd, 036779.000, 106
Trd, 036794.900, 123
Trd, 036796.100, 108
Trd, 036796.550, 108
Trd, 036802.700, 104
Trd, 036825.700, 93
Trd, 036826.300, 91
Trd, 036830.550, 92
Trd, 036832.500, 94
Trd, 036855.050, 117
Trd, 036855.950, 94
Trd, 036859.550, 76
Trd, 036862.300, 87
Trd, 036885.350, 94
Trd, 036885.950, 89
Trd, 036888.500, 84
Trd, 036910.950, 127
Trd, 036915.450, 96
Trd, 036915.500, 104
Trd, 036916.950, 104
Trd, 036924.050, 91
Trd, 036945.200, 101
Trd, 036946.600, 85
Trd, 036970.000, 104
Trd, 036976.450, 110
Trd, 036979.750, 104
Trd, 036987.650, 114
Trd, 036994.050, 85
Trd, 037005.550, 102
Trd, 037005.800, 98
Trd, 037006.800, 98
Trd, 037015.300, 71
Trd, 037035.900, 107
Trd, 037036.250, 96
Trd, 037041.250, 96
Trd, 037041.700, 97
Trd, 037065.550, 84
Trd, 037065.700, 94
Trd, 037072.450, 97
Trd, 037079.650, 102
Trd, 037084.000, 85
Trd, 037096.100, 100
Trd, 037096.300, 97
Trd, 037097.150, 95
Trd, 037105.500, 99
Trd, 037130.000, 97
Trd, 037130.450, 97
Trd, 037132.050, 95
Trd, 037133.100, 97
Trd, 037155.850, 97
Trd, 037157.150, 100
Trd, 037160.600, 122
Trd, 037162.400, 119
Trd, 037186.550, 99
Trd, 037187.250, 96
Trd, 037191.800, 96
Trd, 037191.900, 91
Trd, 037206.450, 105
Trd, 037216.250, 99
Trd, 037219.450, 109
Trd, 037220.500, 111
Trd, 037228.400, 114
Trd, 037246.400, 110
Trd, 037249.550, 101
Trd, 037255.250, 114
Trd, 037262.400, 103
Trd, 037275.600, 99
Trd, 037278.300, 127
Trd, 037284.950, 134
Trd, 037292.650, 108
Trd, 037307.200, 123
Trd, 037307.750, 125
Trd, 037325.800, 120
Trd, 037338.700, 118
Trd, 037340.150, 110
Trd, 037345.350, 110
Trd, 037366.800, 117
Trd, 037369.400, 108
Trd, 037373.200, 108
Trd, 037389.950, 107
Trd, 037396.050, 107
Trd, 037396.600, 136
Trd, 037396.800, 119
Trd, 037396.850, 118
Trd, 037403.050, 101
Trd, 037426.050, 116
Trd, 037428.350, 103
Trd, 037431.900, 104
Trd, 037433.850, 102
Trd, 037444.250, 89
Trd, 037456.050, 96
Trd, 037456.150, 96
Trd, 037456.650, 101
Trd, 037457.150, 100
Trd, 037486.350, 105
Trd, 037487.500, 104
Trd, 037488.050, 102
Trd, 037502.100, 102
Trd, 037516.200, 93
Trd, 037524.050, 120
Trd, 037537.550, 118
Trd, 037542.650, 104
Trd, 037546.750, 113
Trd, 037554.150, 113
Trd, 037555.600, 112
Trd, 037576.150, 112
Trd, 037577.500, 104
Trd, 037579.950, 100
Trd, 037586.250, 99
Trd, 037592.600, 76
Trd, 037606.250, 97
Trd, 037607.000, 69
Trd, 037607.750, 96
Trd, 037612.700, 96
Trd, 037613.800, 92
Trd, 037637.550, 96
Trd, 037639.100, 94
Trd, 037643.950, 109
Trd, 037667.000, 101
Trd, 037667.500, 116
Trd, 037674.700, 109
Trd, 037696.700, 109
Trd, 037702.700, 105
Trd, 037703.650, 108
Trd, 037718.200, 104
Trd, 037726.450, 108
Trd, 037726.500, 103
Trd, 037728.150, 98
Trd, 037728.800, 79
Trd, 037741.450, 130
Trd, 037756.450, 111
Trd, 037759.750, 105
Trd, 037769.050, 98
Trd, 037780.250, 98
Trd, 037787.200, 105
Trd, 037789.500, 104
Trd, 037793.000, 105
Trd, 037816.450, 104
Trd, 037819.500, 103
Trd, 037842.950, 105
Trd, 037848.250, 103
Trd, 037849.650, 103
Trd, 037849.900, 104
Trd, 037858.900, 103
Trd, 037879.900, 103
Trd, 037881.150, 103
Trd, 037882.400, 103
Trd, 037909.200, 104
Trd, 037918.250, 102
Trd, 037938.350, 104
Trd, 037939.550, 102
Trd, 037939.750, 102
Trd, 037939.950, 105
Trd, 037966.900, 107
Trd, 037968.550, 106
Trd, 037977.900, 103
Trd, 037996.950, 107
Trd, 037998.700, 107
Trd, 038004.750, 103
Trd, 038030.550, 107
Trd, 038037.000, 106
Trd, 038047.350, 105
Trd, 038061.350, 106
Trd, 038067.450, 105
Trd, 038068.200, 104
Trd, 038068.950, 107
Trd, 038089.500, 103
Trd, 038094.150, 105
Trd, 038096.050, 106
Trd, 038099.600, 102
Trd, 038117.900, 101
Trd, 038121.600, 103
Trd, 038126.700, 101
Trd, 038130.150, 102
Trd, 038132.700, 101
Trd, 038147.600, 99
Trd, 038148.950, 98
Trd, 038149.100, 87
Trd, 038150.850, 98
Trd, 038156.550, 108
Trd, 038177.350, 103
Trd, 038178.500, 102
Trd, 038179.400, 96
Trd, 038180.050, 103
Trd, 038197.300, 101
Trd, 038207.750, 101
Trd, 038209.900, 100
Trd, 038211.400, 101
Trd, 038212.000, 99
Trd, 038239.300, 100
Trd, 038243.500, 98
Trd, 038267.600, 107
Trd, 038269.350, 103
Trd, 038273.600, 102
Trd, 038275.650, 101
Trd, 038297.350, 103
Trd, 038300.350, 87
Trd, 038312.050, 97
Trd, 038319.650, 96
Trd, 038322.150, 96
Trd, 038329.650, 112
Trd, 038347.850, 97
Trd, 038361.250, 104
Trd, 038365.250, 98
Trd, 038374.300, 104
Trd, 038388.150, 97
Trd, 038390.150, 103
Trd, 038420.050, 103
Trd, 038428.300, 99
Trd, 038437.200, 96
Trd, 038448.550, 95
Trd, 038459.050, 98
Trd, 038460.500, 98
Trd, 038473.700, 98
Trd, 038478.000, 98
Trd, 038491.700, 110
Trd, 038495.750, 100
Trd, 038507.300, 113
Trd, 038508.200, 111
Trd, 038509.300, 79
Trd, 038514.050, 105
Trd, 038515.100, 100
Trd, 038538.200, 102
Trd, 038540.000, 105
Trd, 038546.450, 105
Trd, 038550.200, 103
Trd, 038568.000, 104
Trd, 038569.000, 107
Trd, 038575.850, 97
Trd, 038584.600, 107
Trd, 038586.500, 97
Trd, 038601.700, 103
Trd, 038604.350, 106
Trd, 038613.900, 118
Trd, 038628.750, 95
Trd, 038629.050, 108
Trd, 038630.350, 109
Trd, 038632.700, 99
Trd, 038633.400, 130
Trd, 038645.850, 91
Trd, 038658.250, 96
Trd, 038658.750, 102
Trd, 038659.650, 94
Trd, 038662.100, 99
Trd, 038688.300, 98
Trd, 038688.950, 98
Trd, 038689.700, 111
Trd, 038696.600, 100
Trd, 038703.350, 92
Trd, 038718.300, 102
Trd, 038719.400, 101
Trd, 038721.800, 100
Trd, 038735.850, 98
Trd, 038748.850, 100
Trd, 038749.700, 99
Trd, 038757.100, 96
Trd, 038762.550, 95
Trd, 038767.600, 100
Trd, 038778.400, 94
Trd, 038778.850, 96
Trd, 038780.050, 96
Trd, 038785.750, 99
Trd, 038803.100, 91
Trd, 038808.050, 100
Trd, 038808.850, 96
Trd, 038813.200, 97
Trd, 038817.800, 94
Trd, 038838.250, 96
Trd, 038839.050, 95
Trd, 038840.500, 96
Trd, 038870.950, 93
Trd, 038873.400, 94
Trd, 038874.700, 95
Trd, 038895.400, 94
Trd, 038899.150, 88
Trd, 038902.000, 91
Trd, 038906.950, 94
Trd, 038909.900, 95
Trd, 038928.600, 98
Trd, 038929.000, 103
Trd, 038929.500, 100
Trd, 038959.050, 95
Trd, 038959.200, 97
Trd, 038959.400, 102
Trd, 038961.600, 94
Trd, 038988.550, 97
Trd, 039017.600, 100
Trd, 039018.700, 99
Trd, 039021.100, 106
Trd, 039022.550, 109
Trd, 039024.600, 102
Trd, 039025.850, 91
Trd, 039049.450, 101
Trd, 039051.750, 104
Trd, 039052.400, 106
Trd, 039052.450, 104
Trd, 039079.200, 103
Trd, 039079.350, 104
Trd, 039084.050, 104
Trd, 039088.900, 101
Trd, 039102.300, 92
Trd, 039110.600, 101
Trd, 039111.650, 102
Trd, 039115.250, 99
Trd, 039116.450, 104
Trd, 039142.400, 101
Trd, 039142.700, 101
Trd, 039143.400, 100
Trd, 039148.800, 113
Trd, 039169.200, 105
Trd, 039169.900, 104
Trd, 039170.850, 106
Trd, 039171.600, 102
Trd, 039185.750, 91
Trd, 039201.150, 104
Trd, 039201.550, 103
Trd, 039219.750, 104
Trd, 039223.550, 102
Trd, 039229.500, 103
Trd, 039229.750, 104
Trd, 039253.250, 103
Trd, 039259.700, 104
Trd, 039259.950, 101
Trd, 039260.450, 102
Trd, 039263.000, 101
Trd, 039263.050, 127
Trd, 039291.250, 102
Trd, 039294.850, 109
Trd, 039300.050, 107
Trd, 039319.700, 104
Trd, 039328.950, 106
Trd, 039348.950, 104
Trd, 039349.550, 106
Trd, 039351.400, 106
Trd, 039361.150, 107
Trd, 039383.100, 107
Trd, 039383.550, 107
Trd, 039384.300, 104
Trd, 039409.300, 113
Trd, 039410.750, 109
Trd, 039411.000, 110
Trd, 039411.750, 103
Trd, 039439.600, 113
Trd, 039440.700, 114
Trd, 039446.900, 111
Trd, 039454.100, 104
Trd, 039471.150, 111
Trd, 039471.500, 111
Trd, 039473.050, 110
Trd, 039501.800, 111
Trd, 039502.150, 112
Trd, 039503.950, 113
Trd, 039504.000, 108
Trd, 039529.400, 108
Trd, 039531.600, 107
