Trd, 000030.500, 123
Trd, 000030.550, 118
Trd, 000032.500, 100
Trd, 000032.950, 100
Trd, 000060.750, 88
Trd, 000060.900, 92
Trd, 000061.550, 92
Trd, 000071.550, 99
Trd, 000081.900, 105
Trd, 000090.700, 97
Trd, 000091.450, 97
Trd, 000092.350, 95
Trd, 000094.000, 93
Trd, 000095.050, 105
Trd, 000101.550, 116
Trd, 000120.800, 103
Trd, 000121.300, 104
Trd, 000123.550, 103
Trd, 000126.000, 93
Trd, 000150.500, 102
Trd, 000151.850, 97
Trd, 000153.550, 97
Trd, 000161.900, 103
Trd, 000180.850, 96
Trd, 000181.300, 103
Trd, 000183.250, 97
Trd, 000184.750, 103
Trd, 000211.050, 101
Trd, 000212.350, 102
Trd, 000226.350, 111
Trd, 000241.300, 109
Trd, 000256.800, 113
Trd, 000271.900, 107
Trd, 000272.850, 112
Trd, 000275.850, 104
Trd, 000276.100, 108
Trd, 000301.100, 107
Trd, 000301.950, 107
Trd, 000303.450, 108
Trd, 000305.700, 113
Trd, 000316.950, 104
Trd, 000338.300, 109
Trd, 000340.250, 109
Trd, 000340.850, 106
Trd, 000350.750, 105
Trd, 000363.650, 109
Trd, 000370.850, 104
Trd, 000373.450, 103
Trd, 000392.600, 109
Trd, 000396.150, 102
Trd, 000401.100, 104
Trd, 000422.150, 109
Trd, 000422.600, 109
Trd, 000422.750, 116
Trd, 000422.950, 105
Trd, 000425.850, 104
Trd, 000451.550, 110
Trd, 000454.900, 111
Trd, 000475.300, 110
Trd, 000479.600, 104
Trd, 000482.700, 110
Trd, 000492.400, 110
Trd, 000499.600, 110
Trd, 000509.450, 110
Trd, 000512.250, 111
Trd, 000513.500, 109
Trd, 000515.800, 110
Trd, 000517.700, 110
Trd, 000518.000, 104
Trd, 000542.700, 107
Trd, 000549.450, 110
Trd, 000563.750, 109
Trd, 000565.150, 106
Trd, 000567.950, 104
Trd, 000576.400, 106
Trd, 000576.900, 105
Trd, 000585.050, 107
Trd, 000601.450, 107
Trd, 000602.400, 104
Trd, 000604.300, 107
Trd, 000605.200, 98
Trd, 000633.000, 104
Trd, 000639.450, 105
Trd, 000650.750, 102
Trd, 000661.900, 106
Trd, 000662.950, 102
Trd, 000664.550, 106
Trd, 000676.950, 104
Trd, 000692.100, 106
Trd, 000692.700, 103
Trd, 000693.600, 106
Trd, 000694.850, 101
Trd, 000722.450, 121
Trd, 000722.550, 102
Trd, 000729.200, 110
Trd, 000733.300, 111
Trd, 000743.700, 104
Trd, 000753.100, 109
Trd, 000753.450, 111
Trd, 000765.800, 110
Trd, 000775.350, 109
Trd, 000782.600, 109
Trd, 000784.550, 109
Trd, 000796.650, 108
Trd, 000800.750, 107
Trd, 000814.350, 109
Trd, 000820.850, 109
Trd, 000826.150, 108
Trd, 000840.150, 107
Trd, 000844.050, 107
Trd, 000847.050, 109
Trd, 000851.700, 110
Trd, 000851.900, 107
Trd, 000879.200, 109
Trd, 000885.100, 109
Trd, 000885.750, 106
Trd, 000898.950, 107
Trd, 000903.200, 109
Trd, 000905.700, 109
Trd, 000919.300, 111
Trd, 000930.750, 108
Trd, 000935.400, 109
Trd, 000941.150, 107
Trd, 000949.900, 107
Trd, 000969.450, 108
Trd, 000970.250, 109
Trd, 000973.900, 108
Trd, 000992.800, 108
Trd, 000993.500, 127
Trd, 000993.950, 118
Trd, 001004.650, 113
Trd, 001024.350, 114
Trd, 001027.450, 112
Trd, 001029.550, 113
Trd, 001042.800, 113
Trd, 001053.250, 113
Trd, 001053.950, 117
Trd, 001059.450, 113
Trd, 001070.650, 111
Trd, 001086.350, 113
Trd, 001100.200, 113
Trd, 001114.250, 113
Trd, 001114.650, 113
Trd, 001133.450, 109
Trd, 001144.600, 107
Trd, 001147.100, 107
Trd, 001156.500, 108
Trd, 001177.450, 107
Trd, 001178.250, 107
Trd, 001180.150, 106
Trd, 001203.700, 118
Trd, 001204.700, 113
Trd, 001204.800, 118
Trd, 001212.850, 116
Trd, 001233.850, 115
Trd, 001234.700, 116
Trd, 001246.300, 104
Trd, 001263.850, 116
Trd, 001271.100, 112
Trd, 001284.600, 114
Trd, 001289.250, 113
Trd, 001296.000, 114
Trd, 001304.300, 113
Trd, 001305.500, 99
Trd, 001307.400, 114
Trd, 001314.750, 104
Trd, 001324.550, 112
Trd, 001325.400, 109
Trd, 001325.600, 116
Trd, 001330.200, 100
Trd, 001354.200, 107
Trd, 001354.500, 107
Trd, 001360.500, 97
Trd, 001361.350, 108
Trd, 001375.300, 93
Trd, 001385.050, 107
Trd, 001385.650, 106
Trd, 001393.150, 107
Trd, 001414.850, 107
Trd, 001415.850, 107
Trd, 001419.550, 106
Trd, 001430.100, 105
Trd, 001444.600, 107
Trd, 001445.600, 104
Trd, 001449.100, 107
Trd, 001475.650, 107
Trd, 001476.400, 107
Trd, 001478.700, 104
Trd, 001492.400, 104
Trd, 001504.300, 84
Trd, 001512.900, 109
Trd, 001513.250, 108
Trd, 001516.350, 108
Trd, 001535.000, 107
Trd, 001535.950, 105
Trd, 001537.650, 108
Trd, 001545.400, 104
Trd, 001547.350, 116
Trd, 001565.250, 108
Trd, 001568.500, 108
Trd, 001568.550, 109
Trd, 001573.250, 106
Trd, 001595.850, 109
Trd, 001596.600, 109
Trd, 001599.550, 109
Trd, 001613.950, 108
Trd, 001625.100, 109
Trd, 001626.700, 109
Trd, 001629.900, 107
Trd, 001640.450, 106
Trd, 001656.150, 109
Trd, 001664.550, 109
Trd, 001668.050, 105
Trd, 001672.700, 104
Trd, 001688.950, 105
Trd, 001690.150, 109
Trd, 001690.800, 109
Trd, 001694.450, 104
Trd, 001717.650, 103
Trd, 001720.250, 108
Trd, 001723.350, 108
Trd, 001740.750, 102
Trd, 001747.950, 106
Trd, 001752.550, 105
Trd, 001762.550, 103
Trd, 001778.250, 105
Trd, 001780.900, 105
Trd, 001782.100, 102
Trd, 001809.150, 105
Trd, 001809.250, 102
Trd, 001810.950, 105
Trd, 001816.650, 102
Trd, 001838.700, 105
Trd, 001839.000, 105
Trd, 001858.050, 104
Trd, 001866.250, 105
Trd, 001867.900, 110
Trd, 001877.550, 105
Trd, 001877.700, 107
Trd, 001896.050, 107
Trd, 001897.750, 118
Trd, 001910.950, 133
Trd, 001911.550, 104
Trd, 001925.700, 117
Trd, 001927.700, 117
Trd, 001933.150, 115
Trd, 001958.000, 125
Trd, 001960.400, 123
Trd, 001962.300, 102
Trd, 001983.950, 120
Trd, 001986.300, 120
Trd, 001988.300, 114
Trd, 001991.200, 114
Trd, 001998.750, 113
Trd, 002017.150, 111
Trd, 002017.900, 111
Trd, 002021.900, 111
Trd, 002028.950, 113
Trd, 002046.300, 111
Trd, 002046.950, 109
Trd, 002047.900, 102
Trd, 002048.350, 109
Trd, 002076.300, 109
Trd, 002076.600, 109
Trd, 002076.950, 109
Trd, 002077.750, 104
Trd, 002080.450, 93
Trd, 002106.600, 109
Trd, 002107.350, 114
Trd, 002110.550, 111
Trd, 002136.500, 115
Trd, 002137.250, 113
Trd, 002140.300, 113
Trd, 002144.300, 110
Trd, 002160.650, 95
Trd, 002166.600, 107
Trd, 002167.250, 107
Trd, 002167.900, 101
Trd, 002169.300, 107
Trd, 002197.200, 104
Trd, 002220.950, 129
Trd, 002222.000, 116
Trd, 002226.850, 114
Trd, 002234.100, 127
Trd, 002256.500, 124
Trd, 002258.350, 124
Trd, 002258.600, 103
Trd, 002278.100, 115
Trd, 002282.000, 98
Trd, 002286.900, 108
Trd, 002287.700, 105
Trd, 002289.000, 106
Trd, 002294.200, 111
Trd, 002317.150, 103
Trd, 002317.550, 106
Trd, 002318.450, 104
Trd, 002324.850, 107
Trd, 002345.100, 103
Trd, 002348.200, 106
Trd, 002349.800, 104
Trd, 002350.300, 107
Trd, 002352.250, 103
Trd, 002359.600, 116
Trd, 002377.400, 105
Trd, 002378.700, 110
Trd, 002383.650, 111
Trd, 002397.100, 104
Trd, 002409.650, 104
Trd, 002410.400, 108
Trd, 002425.700, 103
Trd, 002430.700, 108
Trd, 002438.700, 107
Trd, 002439.900, 102
Trd, 002440.250, 107
Trd, 002455.000, 101
Trd, 002469.650, 107
Trd, 002471.950, 107
Trd, 002472.950, 100
Trd, 002496.550, 99
Trd, 002498.000, 105
Trd, 002502.200, 104
Trd, 002509.050, 98
Trd, 002527.450, 133
Trd, 002529.400, 112
Trd, 002531.550, 111
Trd, 002534.350, 102
Trd, 002557.350, 111
Trd, 002557.650, 111
Trd, 002568.400, 106
Trd, 002575.200, 109
Trd, 002587.050, 116
Trd, 002588.300, 107
Trd, 002588.400, 93
Trd, 002595.650, 110
Trd, 002595.750, 103
Trd, 002601.050, 110
Trd, 002619.150, 107
Trd, 002619.300, 107
Trd, 002622.650, 103
Trd, 002622.800, 107
Trd, 002647.700, 103
Trd, 002648.150, 105
Trd, 002651.500, 107
Trd, 002653.800, 116
Trd, 002655.950, 104
Trd, 002661.100, 91
Trd, 002681.600, 106
Trd, 002683.850, 107
Trd, 002690.900, 104
Trd, 002693.050, 104
Trd, 002708.050, 103
Trd, 002709.300, 107
Trd, 002712.700, 107
Trd, 002727.500, 104
Trd, 002740.800, 107
Trd, 002742.850, 104
Trd, 002748.250, 107
Trd, 002754.600, 91
Trd, 002768.200, 100
Trd, 002773.850, 101
Trd, 002776.400, 104
Trd, 002798.200, 92
Trd, 002798.600, 104
Trd, 002799.550, 104
Trd, 002829.100, 104
Trd, 002830.450, 98
Trd, 002832.900, 104
Trd, 002843.900, 98
Trd, 002858.600, 108
Trd, 002859.400, 106
Trd, 002861.350, 104
Trd, 002864.100, 106
Trd, 002889.750, 103
Trd, 002891.100, 102
Trd, 002893.200, 106
Trd, 002899.300, 106
Trd, 002920.950, 106
Trd, 002921.850, 108
Trd, 002936.650, 113
Trd, 002940.700, 105
Trd, 002951.150, 108
Trd, 002952.550, 108
Trd, 002978.900, 107
Trd, 002986.850, 107
Trd, 002991.300, 102
Trd, 002992.400, 100
Trd, 003010.650, 107
Trd, 003013.650, 107
Trd, 003017.650, 101
Trd, 003042.450, 104
Trd, 003046.850, 104
Trd, 003051.350, 100
Trd, 003053.650, 100
Trd, 003069.250, 99
Trd, 003071.650, 104
Trd, 003083.150, 104
Trd, 003089.850, 98
Trd, 003098.950, 104
Trd, 003099.400, 104
Trd, 003099.650, 105
Trd, 003103.550, 116
Trd, 003128.200, 97
Trd, 003131.900, 105
Trd, 003132.550, 105
Trd, 003133.750, 105
Trd, 003158.050, 105
Trd, 003161.500, 142
Trd, 003162.350, 100
Trd, 003170.100, 109
Trd, 003177.600, 122
Trd, 003188.050, 124
Trd, 003189.900, 106
Trd, 003190.450, 106
Trd, 003218.300, 115
Trd, 003219.150, 106
Trd, 003221.950, 93
Trd, 003223.000, 103
Trd, 003228.100, 93
Trd, 003248.650, 105
Trd, 003248.750, 104
Trd, 003249.000, 104
Trd, 003251.450, 102
Trd, 003253.600, 102
Trd, 003280.150, 104
Trd, 003280.200, 104
Trd, 003297.900, 103
Trd, 003300.300, 102
Trd, 003310.950, 104
Trd, 003314.850, 102
Trd, 003316.550, 104
Trd, 003339.750, 104
Trd, 003353.650, 114
Trd, 003368.500, 115
Trd, 003372.200, 119
Trd, 003399.300, 116
Trd, 003414.900, 118
Trd, 003428.450, 122
Trd, 003433.950, 123
Trd, 003443.950, 109
Trd, 003459.150, 128
Trd, 003460.000, 115
Trd, 003461.550, 115
Trd, 003489.300, 115
Trd, 003504.450, 145
Trd, 003505.700, 114
Trd, 003514.000, 104
Trd, 003519.000, 124
Trd, 003519.250, 105
Trd, 003526.850, 108
Trd, 003531.500, 108
Trd, 003549.100, 124
Trd, 003549.200, 116
Trd, 003551.550, 102
Trd, 003561.350, 114
Trd, 003579.450, 114
Trd, 003581.400, 110
Trd, 003582.350, 114
Trd, 003584.900, 104
Trd, 003591.000, 114
Trd, 003608.850, 103
Trd, 003615.250, 110
Trd, 003619.250, 112
Trd, 003639.900, 112
Trd, 003641.000, 117
Trd, 003643.400, 104
Trd, 003647.600, 111
Trd, 003668.350, 116
Trd, 003668.800, 112
Trd, 003680.100, 123
Trd, 003683.600, 124
Trd, 003699.650, 122
Trd, 003700.100, 123
Trd, 003701.350, 121
Trd, 003721.250, 104
Trd, 003729.150, 114
Trd, 003730.400, 114
Trd, 003734.200, 113
Trd, 003740.700, 114
Trd, 003759.100, 97
Trd, 003783.000, 128
Trd, 003790.500, 128
Trd, 003792.700, 108
Trd, 003797.600, 115
Trd, 003805.900, 114
Trd, 003820.000, 115
Trd, 003820.050, 113
Trd, 003828.650, 110
Trd, 003847.800, 104
Trd, 003849.250, 110
Trd, 003850.050, 109
Trd, 003850.250, 110
Trd, 003879.400, 110
Trd, 003880.550, 108
Trd, 003909.500, 123
Trd, 003911.900, 118
Trd, 003928.800, 104
Trd, 003940.050, 111
Trd, 003941.950, 114
Trd, 003943.150, 105
Trd, 003951.800, 111
Trd, 003971.350, 111
Trd, 003973.500, 108
Trd, 003975.450, 111
Trd, 003980.550, 111
Trd, 004000.800, 109
Trd, 004002.350, 109
Trd, 004003.800, 107
Trd, 004019.800, 109
Trd, 004034.450, 107
Trd, 004034.750, 109
Trd, 004035.650, 109
Trd, 004060.100, 106
Trd, 004067.000, 108
Trd, 004073.550, 104
Trd, 004079.700, 108
Trd, 004090.200, 104
Trd, 004090.600, 107
Trd, 004093.150, 104
Trd, 004097.950, 116
Trd, 004099.400, 103
Trd, 004122.550, 108
Trd, 004125.300, 108
Trd, 004127.900, 105
Trd, 004141.050, 103
Trd, 004151.250, 107
Trd, 004152.450, 107
Trd, 004158.100, 104
Trd, 004180.250, 103
Trd, 004183.400, 103
Trd, 004188.050, 107
Trd, 004188.200, 102
Trd, 004188.250, 107
Trd, 004210.600, 105
Trd, 004212.550, 102
Trd, 004213.550, 105
Trd, 004241.900, 105
Trd, 004247.650, 105
Trd, 004255.450, 102
Trd, 004255.900, 105
Trd, 004256.850, 101
Trd, 004270.300, 104
Trd, 004276.100, 105
Trd, 004276.350, 106
Trd, 004280.200, 102
Trd, 004288.550, 102
Trd, 004301.050, 106
Trd, 004301.300, 107
Trd, 004306.250, 105
Trd, 004308.700, 101
Trd, 004309.750, 116
Trd, 004332.950, 107
Trd, 004334.750, 107
Trd, 004342.000, 106
Trd, 004349.350, 105
Trd, 004364.350, 107
Trd, 004368.400, 107
Trd, 004371.350, 104
Trd, 004387.250, 103
Trd, 004390.900, 103
Trd, 004393.800, 107
Trd, 004396.800, 107
Trd, 004415.300, 103
Trd, 004427.100, 107
Trd, 004429.450, 107
Trd, 004447.450, 102
Trd, 004449.000, 101
Trd, 004451.450, 107
Trd, 004453.750, 107
Trd, 004472.900, 102
Trd, 004485.000, 105
Trd, 004493.700, 106
Trd, 004509.000, 104
Trd, 004511.750, 103
Trd, 004514.000, 105
Trd, 004520.050, 105
Trd, 004522.800, 103
Trd, 004541.050, 106
Trd, 004543.150, 104
Trd, 004562.450, 101
Trd, 004576.250, 104
Trd, 004576.850, 104
Trd, 004577.250, 104
Trd, 004593.400, 102
Trd, 004601.050, 105
Trd, 004602.000, 105
Trd, 004602.100, 104
Trd, 004620.500, 101
Trd, 004631.000, 144
Trd, 004631.100, 116
Trd, 004635.850, 116
Trd, 004644.100, 117
Trd, 004650.450, 103
Trd, 004662.400, 116
Trd, 004673.250, 112
Trd, 004678.900, 115
Trd, 004679.450, 115
Trd, 004691.100, 105
Trd, 004691.250, 105
Trd, 004691.750, 108
Trd, 004697.100, 104
Trd, 004698.500, 116
Trd, 004720.750, 110
Trd, 004730.850, 107
Trd, 004731.050, 109
Trd, 004732.550, 105
Trd, 004751.850, 109
Trd, 004753.950, 107
Trd, 004754.150, 108
Trd, 004754.650, 116
Trd, 004774.650, 92
Trd, 004781.350, 114
Trd, 004782.200, 109
Trd, 004782.550, 108
Trd, 004795.050, 104
Trd, 004804.200, 116
Trd, 004811.350, 115
Trd, 004811.750, 112
Trd, 004812.650, 113
Trd, 004841.350, 111
Trd, 004843.650, 111
Trd, 004844.950, 109
Trd, 004871.100, 119
Trd, 004872.200, 127
Trd, 004875.400, 108
Trd, 004902.500, 97
Trd, 004902.550, 103
Trd, 004903.350, 105
Trd, 004903.550, 86
Trd, 004904.850, 116
Trd, 004931.950, 104
Trd, 004933.350, 105
Trd, 004949.850, 106
Trd, 004960.950, 116
Trd, 004964.000, 107
Trd, 004975.500, 98
Trd, 004992.100, 104
Trd, 004996.800, 104
Trd, 005022.900, 100
Trd, 005025.200, 97
Trd, 005029.700, 99
Trd, 005037.200, 96
Trd, 005052.050, 100
Trd, 005056.350, 99
Trd, 005081.350, 100
Trd, 005092.250, 100
Trd, 005111.450, 99
Trd, 005117.900, 130
Trd, 005126.050, 130
Trd, 005141.600, 129
Trd, 005154.550, 130
Trd, 005167.650, 120
Trd, 005171.500, 128
Trd, 005180.750, 116
Trd, 005196.250, 113
Trd, 005201.800, 116
Trd, 005217.250, 114
Trd, 005221.300, 114
Trd, 005227.500, 109
Trd, 005232.050, 114
Trd, 005233.200, 112
Trd, 005235.450, 112
Trd, 005237.700, 106
Trd, 005261.700, 111
Trd, 005265.800, 107
Trd, 005279.050, 104
Trd, 005292.000, 110
Trd, 005292.600, 108
Trd, 005293.150, 108
Trd, 005294.800, 116
Trd, 005316.400, 103
Trd, 005322.000, 116
Trd, 005324.500, 108
Trd, 005336.950, 95
Trd, 005340.650, 96
Trd, 005352.900, 108
Trd, 005355.950, 112
Trd, 005363.100, 128
Trd, 005382.050, 115
Trd, 005382.550, 99
Trd, 005384.250, 109
Trd, 005385.250, 116
Trd, 005407.200, 102
Trd, 005412.050, 105
Trd, 005421.500, 145
Trd, 005442.300, 142
Trd, 005447.150, 115
Trd, 005457.100, 120
Trd, 005472.350, 117
Trd, 005476.650, 114
Trd, 005488.550, 113
Trd, 005499.000, 116
Trd, 005508.550, 116
Trd, 005509.050, 113
Trd, 005519.700, 106
Trd, 005535.100, 116
Trd, 005542.400, 116
Trd, 005547.700, 114
Trd, 005567.450, 116
Trd, 005577.650, 115
Trd, 005592.600, 114
Trd, 005597.850, 116
Trd, 005598.700, 115
Trd, 005615.850, 113
Trd, 005625.450, 113
Trd, 005628.050, 115
Trd, 005633.150, 115
Trd, 005653.150, 116
Trd, 005656.150, 116
Trd, 005667.950, 115
Trd, 005682.350, 116
Trd, 005688.300, 100
Trd, 005699.400, 105
Trd, 005707.200, 101
Trd, 005712.500, 100
Trd, 005713.100, 106
Trd, 005716.900, 100
Trd, 005717.900, 104
Trd, 005743.200, 104
Trd, 005749.100, 104
Trd, 005750.650, 100
Trd, 005766.450, 99
Trd, 005773.250, 103
Trd, 005778.300, 99
Trd, 005779.650, 99
Trd, 005780.950, 103
Trd, 005804.900, 103
Trd, 005805.500, 103
Trd, 005807.450, 99
Trd, 005832.550, 113
Trd, 005834.850, 92
Trd, 005835.900, 107
Trd, 005839.400, 93
Trd, 005863.100, 105
Trd, 005863.150, 95
Trd, 005870.100, 105
Trd, 005885.100, 96
Trd, 005893.100, 103
Trd, 005906.750, 103
Trd, 005922.750, 113
Trd, 005924.550, 105
Trd, 005930.650, 100
Trd, 005953.200, 105
Trd, 005953.350, 103
Trd, 005957.550, 105
Trd, 005959.000, 101
Trd, 005977.000, 96
Trd, 005983.500, 98
Trd, 005983.750, 103
Trd, 005984.750, 104
Trd, 005999.550, 97
Trd, 006013.000, 122
Trd, 006013.150, 110
Trd, 006013.700, 110
Trd, 006017.600, 104
Trd, 006025.900, 103
Trd, 006045.800, 109
Trd, 006050.900, 103
Trd, 006055.150, 141
Trd, 006057.550, 121
Trd, 006073.350, 120
Trd, 006074.100, 115
Trd, 006076.600, 116
Trd, 006103.100, 112
Trd, 006103.450, 116
Trd, 006107.700, 114
Trd, 006109.350, 116
Trd, 006118.500, 104
Trd, 006133.250, 113
Trd, 006133.550, 110
Trd, 006134.500, 104
Trd, 006137.150, 109
Trd, 006150.500, 111
Trd, 006164.150, 111
Trd, 006164.600, 111
Trd, 006164.800, 110
Trd, 006175.500, 116
Trd, 006178.450, 104
Trd, 006185.100, 90
Trd, 006194.300, 107
Trd, 006196.600, 111
Trd, 006197.350, 112
Trd, 006204.350, 110
Trd, 006223.650, 113
Trd, 006237.050, 112
Trd, 006245.100, 109
Trd, 006253.700, 112
Trd, 006254.550, 112
Trd, 006262.500, 107
Trd, 006268.950, 105
Trd, 006287.450, 112
Trd, 006287.650, 112
Trd, 006289.500, 107
Trd, 006294.800, 106
Trd, 006315.950, 112
Trd, 006317.550, 109
Trd, 006321.400, 109
Trd, 006330.450, 108
Trd, 006343.950, 105
Trd, 006344.350, 107
Trd, 006344.400, 89
Trd, 006344.750, 118
Trd, 006367.050, 106
Trd, 006373.400, 111
Trd, 006377.650, 108
Trd, 006378.850, 107
Trd, 006380.250, 96
Trd, 006404.850, 109
Trd, 006405.100, 107
Trd, 006405.900, 107
Trd, 006405.950, 108
Trd, 006434.050, 113
Trd, 006434.500, 109
Trd, 006436.950, 110
Trd, 006439.300, 109
Trd, 006463.450, 109
Trd, 006480.850, 131
Trd, 006494.100, 130
Trd, 006495.750, 124
Trd, 006497.950, 126
Trd, 006524.950, 123
Trd, 006527.600, 125
Trd, 006528.550, 122
Trd, 006529.550, 104
Trd, 006559.950, 123
Trd, 006560.600, 122
Trd, 006570.800, 125
Trd, 006585.300, 122
Trd, 006586.450, 120
Trd, 006612.950, 125
Trd, 006623.150, 122
Trd, 006628.450, 119
Trd, 006634.600, 124
Trd, 006645.450, 118
Trd, 006646.200, 124
Trd, 006661.250, 117
Trd, 006685.200, 118
Trd, 006689.850, 122
Trd, 006694.850, 117
Trd, 006709.300, 120
Trd, 006717.100, 116
Trd, 006734.750, 121
Trd, 006746.950, 116
Trd, 006748.450, 114
Trd, 006769.100, 116
Trd, 006802.650, 127
Trd, 006837.300, 125
Trd, 006839.750, 123
Trd, 006843.900, 112
Trd, 006854.200, 108
Trd, 006855.150, 112
Trd, 006855.500, 110
Trd, 006858.250, 104
Trd, 006860.800, 111
Trd, 006884.300, 115
Trd, 006884.750, 116
Trd, 006885.650, 115
Trd, 006885.750, 102
Trd, 006889.600, 115
Trd, 006891.200, 93
Trd, 006914.550, 110
Trd, 006915.000, 112
Trd, 006921.000, 112
Trd, 006928.600, 109
Trd, 006945.550, 96
Trd, 006949.350, 104
Trd, 006951.950, 103
Trd, 006974.800, 104
Trd, 006975.100, 104
Trd, 006975.850, 105
Trd, 006979.700, 105
Trd, 006986.350, 103
Trd, 007004.650, 105
Trd, 007006.050, 108
Trd, 007037.700, 107
Trd, 007039.000, 107
Trd, 007041.850, 106
Trd, 007062.250, 105
Trd, 007066.000, 107
Trd, 007066.200, 104
Trd, 007069.300, 106
Trd, 007073.050, 103
Trd, 007095.050, 106
Trd, 007096.200, 103
Trd, 007101.700, 104
Trd, 007112.700, 103
Trd, 007117.150, 103
Trd, 007125.150, 120
Trd, 007126.250, 111
Trd, 007126.600, 103
Trd, 007126.750, 111
Trd, 007154.600, 109
Trd, 007160.700, 117
Trd, 007162.400, 113
Trd, 007185.100, 113
Trd, 007188.550, 120
Trd, 007203.200, 119
Trd, 007215.500, 108
Trd, 007216.250, 113
Trd, 007218.250, 115
Trd, 007221.650, 112
Trd, 007239.600, 103
Trd, 007245.150, 110
Trd, 007247.150, 110
Trd, 007247.650, 117
Trd, 007268.350, 105
Trd, 007276.850, 112
Trd, 007278.650, 112
Trd, 007285.100, 109
Trd, 007300.100, 102
Trd, 007308.200, 106
Trd, 007308.700, 107
Trd, 007308.900, 105
Trd, 007309.750, 107
Trd, 007335.050, 104
Trd, 007336.050, 107
Trd, 007337.600, 107
Trd, 007367.200, 105
Trd, 007368.600, 106
Trd, 007372.100, 127
Trd, 007387.350, 113
Trd, 007395.400, 103
Trd, 007419.850, 123
Trd, 007426.150, 123
Trd, 007438.600, 122
Trd, 007457.700, 124
Trd, 007459.100, 122
Trd, 007491.650, 121
Trd, 007496.950, 123
Trd, 007520.150, 120
Trd, 007522.550, 118
Trd, 007526.750, 122
Trd, 007551.550, 122
Trd, 007555.250, 118
Trd, 007576.350, 117
Trd, 007586.450, 109
Trd, 007590.550, 121
Trd, 007608.650, 120
Trd, 007616.600, 116
Trd, 007628.500, 115
Trd, 007637.750, 116
Trd, 007646.900, 119
Trd, 007649.700, 116
Trd, 007652.100, 115
Trd, 007666.550, 119
Trd, 007671.450, 117
Trd, 007688.050, 118
Trd, 007692.250, 113
Trd, 007696.250, 116
Trd, 007696.700, 117
Trd, 007697.850, 114
Trd, 007713.700, 114
Trd, 007715.850, 104
Trd, 007726.250, 113
Trd, 007730.650, 113
Trd, 007732.050, 113
Trd, 007739.500, 107
Trd, 007741.000, 103
Trd, 007758.050, 111
Trd, 007764.800, 111
Trd, 007767.400, 109
Trd, 007794.500, 111
Trd, 007810.400, 111
Trd, 007817.600, 108
Trd, 007821.150, 111
Trd, 007822.550, 110
Trd, 007844.800, 107
Trd, 007848.500, 109
Trd, 007848.850, 106
Trd, 007851.850, 106
Trd, 007854.650, 108
Trd, 007876.750, 107
Trd, 007880.150, 106
Trd, 007894.900, 126
Trd, 007902.950, 118
Trd, 007905.900, 118
Trd, 007906.650, 116
Trd, 007914.900, 113
Trd, 007923.300, 104
Trd, 007930.600, 102
Trd, 007936.500, 109
Trd, 007943.500, 109
Trd, 007944.750, 109
Trd, 007950.850, 106
Trd, 007954.050, 103
Trd, 007966.050, 108
Trd, 007967.950, 108
Trd, 007969.200, 109
Trd, 007969.850, 103
Trd, 007997.000, 118
Trd, 008003.350, 100
Trd, 008003.600, 112
Trd, 008012.600, 98
Trd, 008029.500, 111
Trd, 008030.850, 110
Trd, 008038.600, 104
Trd, 008057.500, 109
Trd, 008057.850, 102
Trd, 008064.250, 109
Trd, 008070.700, 101
Trd, 008086.350, 108
Trd, 008090.350, 108
Trd, 008100.500, 98
Trd, 008116.500, 116
Trd, 008116.600, 101
Trd, 008117.350, 108
Trd, 008120.050, 107
Trd, 008121.050, 100
Trd, 008146.600, 92
Trd, 008147.400, 107
Trd, 008147.600, 106
Trd, 008153.550, 107
Trd, 008157.250, 103
Trd, 008176.800, 105
Trd, 008179.950, 106
Trd, 008206.750, 103
Trd, 008206.900, 95
Trd, 008207.450, 114
Trd, 008210.450, 104
Trd, 008220.450, 103
Trd, 008236.900, 107
Trd, 008237.250, 104
Trd, 008237.600, 104
Trd, 008239.000, 103
Trd, 008253.150, 116
Trd, 008266.750, 104
Trd, 008277.900, 123
Trd, 008295.200, 119
Trd, 008297.450, 124
Trd, 008301.500, 117
Trd, 008311.250, 120
Trd, 008326.900, 117
Trd, 008327.250, 115
Trd, 008327.850, 110
Trd, 008328.650, 103
Trd, 008357.050, 109
Trd, 008358.600, 109
Trd, 008359.350, 108
Trd, 008379.400, 102
Trd, 008381.750, 116
Trd, 008387.700, 111
Trd, 008387.950, 103
Trd, 008390.200, 110
Trd, 008401.750, 108
Trd, 008417.550, 74
Trd, 008418.050, 80
Trd, 008418.100, 87
Trd, 008419.600, 107
Trd, 008428.300, 103
Trd, 008448.800, 106
Trd, 008449.250, 105
Trd, 008450.450, 104
Trd, 008451.000, 102
Trd, 008471.500, 95
Trd, 008477.500, 113
Trd, 008480.000, 105
Trd, 008506.600, 98
Trd, 008507.550, 105
Trd, 008508.450, 105
Trd, 008520.250, 96
Trd, 008540.950, 105
Trd, 008545.350, 105
Trd, 008545.800, 97
Trd, 008558.650, 96
Trd, 008568.300, 100
Trd, 008569.550, 100
Trd, 008588.900, 95
Trd, 008598.000, 99
Trd, 008598.800, 99
Trd, 008605.000, 94
Trd, 008621.850, 93
Trd, 008628.550, 99
Trd, 008631.250, 93
Trd, 008632.250, 99
Trd, 008632.850, 92
Trd, 008658.550, 99
Trd, 008661.250, 147
Trd, 008670.650, 120
Trd, 008688.300, 132
Trd, 008691.650, 120
Trd, 008700.850, 118
Trd, 008708.100, 116
Trd, 008718.900, 114
Trd, 008720.150, 109
Trd, 008722.350, 108
Trd, 008723.950, 107
Trd, 008745.050, 103
Trd, 008748.300, 112
Trd, 008748.950, 110
Trd, 008750.650, 109
Trd, 008759.500, 104
Trd, 008778.400, 106
Trd, 008794.200, 148
Trd, 008809.550, 143
Trd, 008810.150, 127
Trd, 008814.350, 116
Trd, 008815.950, 114
Trd, 008838.800, 122
Trd, 008839.150, 116
Trd, 008843.500, 105
Trd, 008846.900, 116
Trd, 008869.050, 116
Trd, 008869.400, 127
Trd, 008873.200, 119
Trd, 008873.250, 103
Trd, 008899.800, 114
Trd, 008900.900, 119
Trd, 008904.100, 116
Trd, 008930.300, 118
Trd, 008937.050, 115
Trd, 008960.200, 115
Trd, 008965.100, 112
Trd, 008981.550, 118
Trd, 008982.950, 117
Trd, 008989.200, 115
Trd, 008995.750, 114
Trd, 008999.100, 116
Trd, 009004.500, 112
Trd, 009019.650, 113
Trd, 009021.850, 112
Trd, 009023.900, 112
Trd, 009033.250, 97
Trd, 009053.200, 107
Trd, 009054.500, 112
Trd, 009059.550, 112
Trd, 009073.550, 109
Trd, 009081.400, 112
Trd, 009085.450, 112
Trd, 009101.050, 108
Trd, 009112.100, 112
Trd, 009113.650, 108
Trd, 009123.300, 112
Trd, 009131.000, 107
Trd, 009141.150, 111
Trd, 009141.350, 106
Trd, 009144.950, 106
Trd, 009148.200, 107
Trd, 009174.250, 107
Trd, 009180.300, 107
Trd, 009185.450, 104
Trd, 009193.550, 103
Trd, 009201.150, 106
Trd, 009201.250, 107
Trd, 009211.150, 105
Trd, 009222.750, 107
Trd, 009232.800, 107
Trd, 009233.150, 107
Trd, 009233.850, 104
Trd, 009250.900, 103
Trd, 009260.850, 103
Trd, 009262.450, 107
Trd, 009266.300, 107
Trd, 009291.100, 106
Trd, 009292.000, 106
Trd, 009314.700, 102
Trd, 009321.200, 115
Trd, 009322.750, 116
Trd, 009323.150, 111
Trd, 009353.500, 111
Trd, 009354.350, 110
Trd, 009374.600, 108
Trd, 009379.650, 104
Trd, 009381.100, 110
Trd, 009388.900, 109
Trd, 009391.450, 107
Trd, 009394.850, 91
Trd, 009410.800, 110
Trd, 009411.250, 110
Trd, 009426.000, 104
Trd, 009440.200, 103
Trd, 009441.950, 98
Trd, 009442.200, 102
Trd, 009447.350, 99
Trd, 009449.650, 107
Trd, 009451.700, 116
Trd, 009471.250, 107
Trd, 009471.400, 106
Trd, 009474.100, 110
Trd, 009474.750, 107
Trd, 009501.700, 107
Trd, 009502.150, 106
Trd, 009509.200, 107
Trd, 009510.900, 105
Trd, 009533.050, 107
Trd, 009534.300, 107
Trd, 009546.600, 104
Trd, 009561.100, 107
Trd, 009562.200, 107
Trd, 009565.350, 103
Trd, 009573.250, 102
Trd, 009591.450, 110
Trd, 009593.500, 108
Trd, 009603.400, 104
Trd, 009603.500, 102
Trd, 009622.700, 107
Trd, 009623.550, 107
Trd, 009652.050, 107
Trd, 009653.500, 107
Trd, 009655.900, 105
Trd, 009681.700, 89
Trd, 009682.250, 107
Trd, 009686.150, 119
Trd, 009717.700, 125
Trd, 009719.950, 126
Trd, 009743.000, 133
Trd, 009743.500, 124
Trd, 009750.500, 115
Trd, 009770.700, 114
Trd, 009771.900, 115
Trd, 009774.000, 113
Trd, 009776.850, 113
Trd, 009778.000, 112
Trd, 009803.250, 113
Trd, 009804.200, 112
Trd, 009804.500, 114
Trd, 009811.050, 110
Trd, 009832.100, 105
Trd, 009833.350, 105
Trd, 009835.200, 101
Trd, 009835.300, 92
Trd, 009837.100, 116
Trd, 009850.450, 89
Trd, 009862.800, 104
Trd, 009863.050, 116
Trd, 009863.450, 121
Trd, 009866.950, 108
Trd, 009892.950, 109
Trd, 009893.100, 112
Trd, 009924.900, 110
Trd, 009925.050, 107
Trd, 009926.050, 111
Trd, 009932.900, 109
Trd, 009952.500, 116
Trd, 009952.800, 111
Trd, 009953.400, 114
Trd, 009955.700, 113
Trd, 009964.900, 104
Trd, 009982.300, 113
Trd, 009999.200, 132
Trd, 010002.850, 133
Trd, 010013.500, 147
Trd, 010014.000, 133
Trd, 010014.750, 116
Trd, 010038.250, 102
Trd, 010044.000, 117
Trd, 010044.500, 121
Trd, 010048.300, 110
Trd, 010049.500, 109
Trd, 010073.000, 119
Trd, 010074.700, 110
Trd, 010078.350, 109
Trd, 010082.550, 108
Trd, 010102.850, 124
Trd, 010103.900, 100
Trd, 010105.500, 99
Trd, 010133.450, 97
Trd, 010134.550, 97
Trd, 010135.150, 105
Trd, 010143.400, 96
Trd, 010163.950, 99
Trd, 010165.450, 99
Trd, 010169.550, 95
Trd, 010179.100, 94
Trd, 010193.650, 98
Trd, 010196.200, 97
Trd, 010224.350, 93
Trd, 010224.550, 97
Trd, 010228.700, 92
Trd, 010234.550, 105
Trd, 010253.500, 95
Trd, 010255.600, 102
Trd, 010260.750, 144
Trd, 010263.400, 115
Trd, 010283.400, 113
Trd, 010284.350, 125
Trd, 010289.550, 109
Trd, 010314.100, 124
Trd, 010317.150, 123
Trd, 010339.900, 107
Trd, 010343.500, 80
Trd, 010350.200, 125
Trd, 010382.600, 123
Trd, 010384.300, 124
Trd, 010406.950, 123
Trd, 010408.650, 117
Trd, 010415.800, 126
Trd, 010442.450, 121
Trd, 010457.000, 119
Trd, 010467.200, 118
Trd, 010470.300, 117
Trd, 010487.950, 120
Trd, 010494.550, 117
Trd, 010495.200, 120
Trd, 010497.800, 119
Trd, 010497.850, 104
Trd, 010516.450, 105
Trd, 010527.900, 118
Trd, 010531.350, 114
Trd, 010538.800, 115
Trd, 010557.550, 118
Trd, 010561.700, 117
Trd, 010563.100, 114
Trd, 010563.600, 111
Trd, 010585.950, 117
Trd, 010586.100, 117
Trd, 010587.350, 111
Trd, 010588.100, 103
Trd, 010614.800, 133
Trd, 010615.900, 122
Trd, 010623.100, 102
Trd, 010641.250, 116
Trd, 010646.050, 121
Trd, 010650.450, 120
Trd, 010651.800, 98
Trd, 010660.450, 123
Trd, 010675.600, 117
Trd, 010676.150, 116
Trd, 010715.000, 117
Trd, 010717.000, 115
Trd, 010722.600, 101
Trd, 010738.600, 112
Trd, 010744.400, 117
Trd, 010752.500, 109
Trd, 010756.100, 116
Trd, 010765.950, 115
Trd, 010767.250, 110
Trd, 010770.900, 109
Trd, 010795.150, 116
Trd, 010797.050, 110
Trd, 010798.100, 114
Trd, 010809.450, 104
Trd, 010827.050, 114
Trd, 010828.300, 106
Trd, 010836.950, 114
Trd, 010855.500, 111
Trd, 010872.400, 111
Trd, 010884.650, 105
Trd, 010885.650, 108
Trd, 010886.150, 116
Trd, 010887.450, 106
Trd, 010887.550, 104
Trd, 010915.650, 112
Trd, 010926.600, 105
Trd, 010937.100, 109
Trd, 010937.850, 105
Trd, 010945.800, 109
Trd, 010946.200, 110
Trd, 010949.200, 105
Trd, 010965.450, 104
Trd, 010977.200, 107
Trd, 010978.650, 108
Trd, 010981.700, 106
Trd, 010989.150, 104
Trd, 011006.400, 106
Trd, 011008.550, 104
Trd, 011015.150, 103
Trd, 011017.450, 105
Trd, 011035.800, 115
Trd, 011037.200, 107
Trd, 011045.000, 98
Trd, 011066.750, 104
Trd, 011067.000, 103
Trd, 011067.150, 93
Trd, 011078.500, 99
Trd, 011096.700, 109
Trd, 011098.100, 105
Trd, 011101.800, 105
Trd, 011104.400, 103
Trd, 011107.800, 102
Trd, 011126.700, 105
Trd, 011129.850, 105
Trd, 011130.250, 103
Trd, 011137.800, 102
Trd, 011157.050, 105
Trd, 011159.150, 105
Trd, 011160.500, 101
Trd, 011168.200, 100
Trd, 011186.450, 105
Trd, 011187.500, 101
Trd, 011187.950, 111
Trd, 011189.700, 107
Trd, 011216.900, 112
Trd, 011217.400, 109
Trd, 011223.750, 112
Trd, 011236.450, 113
Trd, 011238.450, 104
Trd, 011248.650, 111
Trd, 011248.800, 110
Trd, 011248.950, 111
Trd, 011249.550, 104
Trd, 011253.550, 116
Trd, 011260.450, 92
Trd, 011280.600, 107
Trd, 011282.300, 101
Trd, 011283.900, 108
Trd, 011307.600, 120
Trd, 011307.650, 116
Trd, 011308.900, 119
Trd, 011311.300, 102
Trd, 011340.450, 115
Trd, 011340.650, 116
Trd, 011340.800, 114
Trd, 011356.450, 113
Trd, 011367.100, 115
Trd, 011368.250, 112
Trd, 011371.650, 112
Trd, 011372.500, 110
Trd, 011383.050, 104
Trd, 011399.500, 109
Trd, 011400.750, 112
Trd, 011401.900, 112
Trd, 011427.200, 123
Trd, 011427.750, 114
Trd, 011438.250, 107
Trd, 011458.350, 104
Trd, 011458.900, 108
Trd, 011459.150, 94
Trd, 011460.350, 99
Trd, 011487.500, 99
Trd, 011487.950, 105
Trd, 011488.700, 100
Trd, 011500.900, 110
Trd, 011510.050, 93
Trd, 011518.150, 103
Trd, 011518.200, 103
Trd, 011525.600, 118
Trd, 011539.700, 100
Trd, 011547.950, 114
Trd, 011548.250, 115
Trd, 011556.150, 116
Trd, 011569.350, 104
Trd, 011577.700, 103
Trd, 011578.650, 108
Trd, 011580.400, 105
Trd, 011581.500, 108
Trd, 011587.400, 106
Trd, 011608.550, 103
Trd, 011608.650, 105
Trd, 011609.150, 105
Trd, 011619.250, 102
Trd, 011622.850, 100
Trd, 011637.950, 104
Trd, 011638.600, 105
Trd, 011640.000, 103
Trd, 011643.450, 103
Trd, 011669.050, 102
Trd, 011669.250, 104
Trd, 011671.400, 104
Trd, 011695.300, 102
Trd, 011698.200, 105
Trd, 011699.100, 104
Trd, 011707.500, 101
Trd, 011728.650, 91
Trd, 011730.050, 85
Trd, 011730.550, 94
Trd, 011730.600, 94
Trd, 011731.350, 105
Trd, 011758.650, 105
Trd, 011758.700, 102
Trd, 011758.900, 116
Trd, 011762.200, 100
Trd, 011764.800, 99
Trd, 011790.400, 102
Trd, 011790.800, 101
Trd, 011797.550, 100
Trd, 011811.750, 100
Trd, 011819.300, 101
Trd, 011821.850, 99
Trd, 011823.850, 100
Trd, 011827.400, 98
Trd, 011850.550, 100
Trd, 011850.600, 100
Trd, 011852.400, 97
Trd, 011879.200, 97
Trd, 011887.850, 100
Trd, 011891.200, 97
Trd, 011903.300, 97
Trd, 011909.050, 95
Trd, 011910.550, 96
Trd, 011912.500, 96
Trd, 011914.700, 95
Trd, 011939.250, 96
Trd, 011940.650, 105
Trd, 011973.650, 98
Trd, 011979.600, 98
Trd, 011983.250, 95
Trd, 011986.400, 94
Trd, 011999.300, 98
Trd, 011999.850, 121
Trd, 012000.200, 103
Trd, 012004.000, 121
Trd, 012005.000, 116
Trd, 012029.950, 117
Trd, 012030.100, 114
Trd, 012031.100, 111
Trd, 012031.550, 113
Trd, 012040.450, 103
Trd, 012052.200, 93
Trd, 012059.900, 109
Trd, 012061.650, 108
Trd, 012064.350, 108
Trd, 012064.850, 109
Trd, 012086.650, 104
Trd, 012090.800, 108
Trd, 012091.600, 107
Trd, 012092.800, 108
Trd, 012124.600, 107
Trd, 012125.050, 106
Trd, 012125.750, 107
Trd, 012127.950, 106
Trd, 012131.500, 104
Trd, 012151.700, 105
Trd, 012152.200, 105
Trd, 012152.850, 103
Trd, 012155.450, 105
Trd, 012160.150, 103
Trd, 012181.350, 105
Trd, 012183.300, 103
Trd, 012185.600, 103
Trd, 012210.050, 106
Trd, 012219.700, 124
Trd, 012228.900, 118
Trd, 012241.650, 118
Trd, 012245.850, 123
Trd, 012255.100, 118
Trd, 012267.600, 107
Trd, 012271.700, 115
Trd, 012272.250, 119
Trd, 012285.750, 115
Trd, 012303.750, 119
Trd, 012307.650, 114
Trd, 012332.950, 119
Trd, 012339.550, 114
Trd, 012344.100, 113
Trd, 012360.700, 116
Trd, 012361.800, 118
Trd, 012363.150, 117
Trd, 012363.850, 118
Trd, 012393.850, 118
Trd, 012400.800, 117
Trd, 012421.150, 116
Trd, 012422.500, 115
Trd, 012422.750, 104
Trd, 012422.950, 116
Trd, 012426.550, 116
Trd, 012451.250, 116
Trd, 012454.850, 112
Trd, 012459.800, 116
Trd, 012482.850, 115
Trd, 012484.450, 115
Trd, 012490.800, 112
Trd, 012498.850, 97
Trd, 012518.200, 115
Trd, 012519.150, 110
Trd, 012520.500, 115
Trd, 012522.600, 103
Trd, 012542.750, 112
Trd, 012544.800, 109
Trd, 012548.600, 105
Trd, 012571.250, 109
Trd, 012575.500, 109
Trd, 012594.400, 104
Trd, 012602.100, 102
Trd, 012602.200, 109
Trd, 012603.000, 116
Trd, 012620.900, 102
Trd, 012633.500, 109
Trd, 012633.650, 108
Trd, 012661.850, 109
Trd, 012664.600, 109
Trd, 012671.450, 107
Trd, 012687.900, 104
Trd, 012691.650, 115
Trd, 012692.150, 110
Trd, 012696.000, 107
Trd, 012704.950, 106
Trd, 012721.500, 106
Trd, 012722.100, 105
Trd, 012725.950, 113
Trd, 012751.750, 108
Trd, 012758.000, 119
Trd, 012781.750, 111
Trd, 012782.500, 115
Trd, 012787.450, 115
Trd, 012811.250, 121
Trd, 012812.100, 117
Trd, 012812.900, 109
Trd, 012813.550, 105
Trd, 012814.450, 104
Trd, 012820.150, 117
Trd, 012823.150, 92
Trd, 012842.500, 108
Trd, 012842.800, 108
Trd, 012845.100, 108
Trd, 012850.250, 105
Trd, 012862.500, 104
Trd, 012873.350, 108
Trd, 012874.550, 108
Trd, 012875.550, 108
Trd, 012893.850, 106
Trd, 012897.300, 104
Trd, 012902.150, 110
Trd, 012903.100, 109
Trd, 012906.550, 108
Trd, 012916.150, 103
Trd, 012932.600, 107
Trd, 012934.050, 108
Trd, 012934.750, 108
Trd, 012937.650, 107
Trd, 012945.900, 89
Trd, 012962.250, 104
Trd, 012964.550, 107
Trd, 012969.250, 108
Trd, 012992.450, 108
Trd, 012994.150, 99
Trd, 013004.000, 106
Trd, 013023.250, 106
Trd, 013023.450, 102
Trd, 013029.450, 106
Trd, 013037.650, 102
Trd, 013052.600, 111
Trd, 013060.900, 107
Trd, 013068.400, 100
Trd, 013077.900, 96
Trd, 013084.400, 107
Trd, 013084.600, 107
Trd, 013090.700, 97
Trd, 013113.650, 113
Trd, 013114.250, 109
Trd, 013115.650, 109
Trd, 013122.800, 108
Trd, 013140.650, 103
Trd, 013143.550, 109
Trd, 013144.650, 115
Trd, 013153.850, 140
Trd, 013154.050, 104
Trd, 013173.300, 117
Trd, 013173.400, 120
Trd, 013173.950, 122
Trd, 013194.650, 110
Trd, 013203.800, 114
Trd, 013204.200, 119
Trd, 013210.400, 118
Trd, 013211.400, 113
Trd, 013233.450, 127
Trd, 013233.650, 117
Trd, 013237.950, 115
Trd, 013238.550, 113
Trd, 013263.450, 115
Trd, 013265.050, 115
Trd, 013265.500, 115
Trd, 013268.350, 112
Trd, 013282.600, 103
Trd, 013293.900, 105
Trd, 013297.500, 114
Trd, 013305.050, 113
Trd, 013318.250, 111
Trd, 013324.700, 112
Trd, 013324.750, 109
Trd, 013326.700, 112
Trd, 013339.550, 110
Trd, 013355.000, 112
Trd, 013357.350, 110
Trd, 013358.250, 111
Trd, 013374.750, 109
Trd, 013384.050, 111
Trd, 013387.500, 111
Trd, 013393.850, 108
Trd, 013396.550, 106
Trd, 013414.750, 111
Trd, 013415.900, 111
Trd, 013421.500, 107
Trd, 013436.750, 108
Trd, 013444.350, 112
Trd, 013447.900, 111
Trd, 013448.650, 110
Trd, 013448.900, 108
Trd, 013476.450, 111
Trd, 013477.550, 111
Trd, 013478.250, 108
Trd, 013483.650, 107
Trd, 013504.100, 86
Trd, 013504.550, 125
Trd, 013504.650, 123
Trd, 013505.250, 112
Trd, 013506.500, 112
Trd, 013534.650, 110
Trd, 013535.100, 111
Trd, 013538.400, 106
Trd, 013539.900, 107
Trd, 013558.600, 104
Trd, 013564.500, 109
Trd, 013565.150, 112
Trd, 013566.800, 112
Trd, 013569.350, 116
Trd, 013594.050, 103
Trd, 013595.750, 112
Trd, 013597.500, 110
Trd, 013600.500, 111
Trd, 013626.950, 109
Trd, 013630.500, 110
Trd, 013633.050, 110
Trd, 013635.450, 108
Trd, 013652.200, 104
Trd, 013654.850, 110
Trd, 013656.900, 106
Trd, 013660.150, 109
Trd, 013685.450, 109
Trd, 013686.250, 105
Trd, 013686.450, 109
Trd, 013693.600, 104
Trd, 013717.850, 104
Trd, 013730.000, 108
Trd, 013742.350, 106
Trd, 013744.850, 111
Trd, 013748.350, 108
Trd, 013756.300, 103
Trd, 013767.050, 102
Trd, 013775.450, 108
Trd, 013776.950, 108
Trd, 013777.050, 108
Trd, 013801.100, 110
Trd, 013806.100, 109
Trd, 013806.250, 109
Trd, 013807.350, 109
Trd, 013807.400, 116
Trd, 013811.850, 103
Trd, 013813.700, 93
Trd, 013835.700, 96
Trd, 013836.500, 104
Trd, 013836.950, 98
Trd, 013839.150, 98
Trd, 013841.550, 107
Trd, 013865.900, 101
Trd, 013866.450, 101
Trd, 013870.850, 105
Trd, 013874.750, 107
Trd, 013889.550, 104
Trd, 013895.750, 107
Trd, 013896.900, 106
Trd, 013919.500, 105
Trd, 013925.500, 105
Trd, 013925.850, 106
Trd, 013926.900, 103
Trd, 013927.350, 106
Trd, 013955.550, 100
Trd, 013972.750, 126
Trd, 013973.800, 111
Trd, 013986.100, 108
Trd, 013987.350, 121
Trd, 013990.700, 104
Trd, 014017.550, 117
Trd, 014017.700, 114
Trd, 014022.950, 117
Trd, 014028.400, 105
Trd, 014050.550, 113
Trd, 014053.750, 114
Trd, 014054.400, 114
Trd, 014079.400, 114
Trd, 014081.900, 114
Trd, 014087.850, 112
Trd, 014102.700, 95
Trd, 014106.300, 107
Trd, 014107.350, 106
Trd, 014113.350, 106
Trd, 014131.800, 98
Trd, 014137.250, 105
Trd, 014137.600, 106
Trd, 014143.000, 103
Trd, 014150.600, 95
Trd, 014167.500, 106
Trd, 014168.750, 106
Trd, 014169.200, 101
Trd, 014197.300, 103
Trd, 014197.850, 100
Trd, 014202.150, 104
Trd, 014226.750, 111
Trd, 014227.700, 106
Trd, 014229.850, 106
Trd, 014238.350, 105
Trd, 014256.550, 106
Trd, 014257.550, 106
Trd, 014257.600, 103
Trd, 014268.650, 103
Trd, 014269.050, 107
Trd, 014286.650, 103
Trd, 014286.750, 108
Trd, 014291.100, 105
Trd, 014301.800, 102
Trd, 014313.600, 102
Trd, 014317.300, 106
Trd, 014317.650, 106
Trd, 014318.050, 106
Trd, 014326.250, 101
Trd, 014334.750, 100
Trd, 014347.850, 106
Trd, 014352.050, 104
Trd, 014358.150, 100
Trd, 014359.100, 100
Trd, 014377.500, 104
Trd, 014381.550, 105
Trd, 014385.150, 99
Trd, 014397.450, 98
Trd, 014407.700, 97
Trd, 014408.950, 99
Trd, 014411.150, 104
Trd, 014414.100, 104
Trd, 014441.250, 104
Trd, 014442.200, 104
Trd, 014443.350, 100
Trd, 014460.300, 99
Trd, 014467.600, 108
Trd, 014467.850, 105
Trd, 014481.200, 88
Trd, 014483.150, 91
Trd, 014497.950, 101
Trd, 014498.550, 101
Trd, 014499.450, 97
Trd, 014529.950, 100
Trd, 014530.050, 106
Trd, 014534.650, 97
Trd, 014547.600, 96
Trd, 014559.100, 101
Trd, 014561.450, 97
Trd, 014563.400, 101
Trd, 014583.850, 96
Trd, 014588.000, 101
Trd, 014588.300, 105
Trd, 014588.750, 100
Trd, 014592.700, 106
Trd, 014605.750, 102
Trd, 014618.500, 149
Trd, 014618.950, 115
Trd, 014619.400, 103
Trd, 014622.050, 108
Trd, 014627.750, 116
Trd, 014648.150, 112
Trd, 014650.500, 98
Trd, 014650.700, 107
Trd, 014655.550, 110
Trd, 014656.850, 104
Trd, 014678.100, 109
Trd, 014678.700, 109
Trd, 014682.650, 106
Trd, 014697.500, 92
Trd, 014708.350, 102
Trd, 014708.950, 92
Trd, 014709.350, 106
Trd, 014710.050, 103
Trd, 014736.800, 107
Trd, 014738.300, 102
Trd, 014738.650, 116
Trd, 014763.900, 119
Trd, 014770.000, 119
Trd, 014776.400, 126
Trd, 014798.700, 122
Trd, 014807.400, 121
Trd, 014830.600, 122
Trd, 014831.600, 122
Trd, 014838.200, 125
Trd, 014841.550, 104
Trd, 014844.750, 114
Trd, 014859.150, 112
Trd, 014860.150, 88
Trd, 014869.100, 110
Trd, 014869.450, 104
Trd, 014888.850, 109
Trd, 014889.400, 110
Trd, 014891.950, 104
Trd, 014901.850, 104
Trd, 014919.050, 116
Trd, 014925.800, 117
Trd, 014927.350, 116
Trd, 014939.800, 113
Trd, 014949.050, 113
Trd, 014949.650, 95
Trd, 014951.150, 105
Trd, 014951.650, 107
Trd, 014962.200, 102
Trd, 014978.950, 107
Trd, 014980.650, 114
Trd, 014981.700, 109
Trd, 014984.700, 108
Trd, 014996.200, 104
Trd, 015010.950, 107
Trd, 015013.750, 109
Trd, 015018.950, 106
Trd, 015019.700, 108
Trd, 015048.750, 107
Trd, 015053.250, 107
Trd, 015067.050, 106
Trd, 015069.400, 93
Trd, 015072.800, 123
Trd, 015096.050, 122
Trd, 015102.400, 126
Trd, 015104.150, 123
Trd, 015120.500, 120
Trd, 015131.450, 120
Trd, 015136.150, 119
Trd, 015165.200, 118
Trd, 015188.300, 123
Trd, 015189.600, 117
Trd, 015191.100, 116
Trd, 015198.800, 117
Trd, 015222.400, 117
Trd, 015228.550, 115
Trd, 015245.000, 115
Trd, 015255.100, 114
Trd, 015279.200, 114
Trd, 015280.200, 115
Trd, 015285.250, 100
Trd, 015291.700, 111
Trd, 015310.700, 101
Trd, 015310.850, 100
Trd, 015311.500, 105
Trd, 015312.750, 99
Trd, 015315.800, 106
Trd, 015340.550, 99
Trd, 015342.650, 100
Trd, 015343.650, 105
Trd, 015349.350, 99
Trd, 015370.500, 113
Trd, 015372.050, 102
Trd, 015373.450, 106
Trd, 015377.550, 100
Trd, 015379.250, 100
Trd, 015402.900, 104
Trd, 015403.150, 105
Trd, 015409.000, 106
Trd, 015414.200, 104
Trd, 015430.200, 103
Trd, 015431.550, 105
Trd, 015432.350, 103
Trd, 015438.300, 105
Trd, 015440.000, 101
Trd, 015450.450, 100
Trd, 015460.850, 117
Trd, 015461.400, 108
Trd, 015465.200, 110
Trd, 015468.850, 100
Trd, 015483.450, 97
Trd, 015492.150, 103
Trd, 015492.200, 105
Trd, 015493.350, 106
Trd, 015498.650, 102
Trd, 015500.200, 101
Trd, 015521.900, 103
Trd, 015522.750, 104
Trd, 015528.850, 102
Trd, 015550.850, 100
Trd, 015551.500, 99
Trd, 015554.100, 105
Trd, 015558.150, 123
Trd, 015568.400, 101
Trd, 015584.750, 106
Trd, 015588.600, 106
Trd, 015592.400, 94
Trd, 015614.200, 101
Trd, 015615.750, 97
Trd, 015620.450, 100
Trd, 015641.850, 100
Trd, 015642.100, 100
Trd, 015642.550, 100
Trd, 015645.950, 98
Trd, 015671.800, 98
Trd, 015676.350, 100
Trd, 015677.250, 100
Trd, 015700.200, 97
Trd, 015703.300, 100
Trd, 015704.650, 100
Trd, 015712.600, 96
Trd, 015713.900, 95
Trd, 015731.900, 94
Trd, 015732.500, 93
Trd, 015733.100, 100
Trd, 015741.150, 106
Trd, 015751.650, 99
Trd, 015761.700, 98
Trd, 015765.900, 97
Trd, 015770.500, 96
Trd, 015771.400, 102
Trd, 015775.800, 105
Trd, 015792.100, 102
Trd, 015794.500, 103
Trd, 015822.050, 96
Trd, 015822.500, 104
Trd, 015824.450, 103
Trd, 015834.300, 96
Trd, 015835.100, 95
Trd, 015853.800, 102
Trd, 015856.400, 102
Trd, 015863.250, 95
Trd, 015880.900, 96
Trd, 015885.250, 101
Trd, 015893.850, 84
Trd, 015897.800, 88
Trd, 015898.300, 97
Trd, 015912.500, 98
Trd, 015914.500, 98
Trd, 015931.500, 98
Trd, 015934.750, 97
Trd, 015942.650, 112
Trd, 015943.000, 102
Trd, 015945.150, 113
Trd, 015945.250, 108
Trd, 015959.050, 103
Trd, 015972.300, 104
Trd, 015972.700, 106
Trd, 015972.900, 105
Trd, 015975.850, 105
Trd, 016002.850, 106
Trd, 016003.850, 104
Trd, 016012.000, 103
Trd, 016012.100, 106
Trd, 016017.050, 102
Trd, 016033.100, 106
Trd, 016033.850, 106
Trd, 016040.050, 90
Trd, 016062.900, 107
Trd, 016069.700, 96
Trd, 016077.600, 93
Trd, 016085.100, 92
Trd, 016092.800, 91
Trd, 016094.300, 111
Trd, 016095.050, 107
Trd, 016097.850, 106
Trd, 016105.450, 103
Trd, 016123.300, 103
Trd, 016123.350, 101
Trd, 016123.600, 107
Trd, 016134.600, 109
Trd, 016141.700, 93
Trd, 016154.700, 101
Trd, 016155.850, 104
Trd, 016158.300, 101
Trd, 016165.850, 101
Trd, 016183.850, 104
Trd, 016184.900, 105
Trd, 016185.900, 116
Trd, 016192.550, 103
Trd, 016195.850, 103
Trd, 016214.900, 107
Trd, 016215.850, 103
Trd, 016230.650, 102
Trd, 016243.600, 101
Trd, 016243.850, 104
Trd, 016247.000, 104
Trd, 016256.950, 101
Trd, 016258.800, 101
Trd, 016275.850, 104
Trd, 016280.800, 104
Trd, 016282.400, 100
Trd, 016284.900, 99
Trd, 016306.700, 104
Trd, 016310.750, 99
Trd, 016322.600, 136
Trd, 016325.600, 124
Trd, 016333.900, 114
Trd, 016334.400, 122
Trd, 016349.850, 98
Trd, 016365.300, 123
Trd, 016370.700, 124
Trd, 016374.600, 122
Trd, 016391.050, 114
Trd, 016394.200, 116
Trd, 016394.600, 92
Trd, 016413.850, 112
Trd, 016424.500, 111
Trd, 016425.100, 111
Trd, 016428.600, 111
Trd, 016433.850, 107
Trd, 016456.100, 111
Trd, 016458.650, 111
Trd, 016466.000, 110
Trd, 016480.100, 109
Trd, 016486.650, 109
Trd, 016490.750, 107
Trd, 016497.950, 111
Trd, 016514.650, 105
Trd, 016515.300, 111
Trd, 016518.050, 106
Trd, 016548.400, 106
Trd, 016549.000, 111
Trd, 016550.300, 93
Trd, 016555.900, 105
Trd, 016576.900, 115
Trd, 016581.100, 122
Trd, 016584.700, 112
Trd, 016606.100, 115
Trd, 016610.900, 127
Trd, 016638.150, 125
Trd, 016645.800, 120
Trd, 016672.100, 120
Trd, 016677.550, 118
Trd, 016681.000, 104
Trd, 016689.000, 122
Trd, 016696.750, 117
Trd, 016704.700, 118
Trd, 016721.450, 116
Trd, 016725.300, 117
Trd, 016730.900, 115
Trd, 016731.900, 115
Trd, 016748.900, 116
Trd, 016754.900, 115
Trd, 016755.050, 111
Trd, 016759.800, 105
Trd, 016764.500, 100
Trd, 016784.950, 103
Trd, 016785.350, 102
Trd, 016787.200, 107
Trd, 016798.900, 104
Trd, 016809.400, 116
Trd, 016812.300, 93
Trd, 016815.300, 80
Trd, 016815.900, 107
Trd, 016817.050, 103
Trd, 016822.300, 103
Trd, 016827.300, 108
Trd, 016846.050, 105
Trd, 016846.250, 103
Trd, 016846.600, 94
Trd, 016871.950, 104
Trd, 016875.350, 102
Trd, 016876.300, 101
Trd, 016880.450, 101
Trd, 016886.900, 92
Trd, 016890.750, 105
Trd, 016905.950, 105
Trd, 016906.700, 103
Trd, 016908.050, 98
Trd, 016911.800, 97
Trd, 016935.800, 106
Trd, 016935.900, 94
Trd, 016937.000, 103
Trd, 016937.800, 97
Trd, 016966.800, 103
Trd, 016970.700, 98
Trd, 016975.300, 102
Trd, 016996.900, 103
Trd, 016999.950, 98
Trd, 017005.050, 101
Trd, 017013.850, 97
Trd, 017025.850, 97
Trd, 017031.850, 98
Trd, 017033.050, 101
Trd, 017044.050, 100
Trd, 017056.350, 97
Trd, 017056.800, 100
Trd, 017067.500, 134
Trd, 017087.650, 132
Trd, 017093.500, 121
Trd, 017095.550, 125
Trd, 017102.900, 103
Trd, 017116.650, 110
Trd, 017117.600, 116
Trd, 017121.900, 101
Trd, 017126.600, 118
Trd, 017147.300, 123
Trd, 017150.050, 121
Trd, 017152.150, 100
Trd, 017167.450, 127
Trd, 017173.250, 109
Trd, 017176.600, 104
Trd, 017178.650, 116
Trd, 017183.850, 99
Trd, 017186.500, 115
Trd, 017187.500, 107
Trd, 017206.800, 107
Trd, 017208.050, 106
Trd, 017210.200, 104
Trd, 017219.900, 87
Trd, 017220.900, 105
Trd, 017236.800, 111
Trd, 017237.900, 107
Trd, 017239.750, 106
Trd, 017240.350, 116
Trd, 017241.000, 102
Trd, 017260.300, 92
Trd, 017266.950, 102
Trd, 017267.900, 109
Trd, 017268.550, 103
Trd, 017274.600, 105
Trd, 017278.100, 102
Trd, 017299.050, 104
Trd, 017301.850, 101
Trd, 017302.950, 104
Trd, 017306.700, 100
Trd, 017328.550, 104
Trd, 017330.600, 100
Trd, 017331.750, 105
Trd, 017334.350, 100
Trd, 017357.150, 99
Trd, 017357.350, 104
Trd, 017357.400, 104
Trd, 017359.600, 98
Trd, 017365.550, 97
Trd, 017387.950, 101
Trd, 017388.600, 102
Trd, 017388.800, 103
Trd, 017404.500, 100
Trd, 017417.850, 105
Trd, 017419.350, 105
Trd, 017419.700, 115
Trd, 017425.550, 116
Trd, 017427.400, 103
Trd, 017430.400, 93
Trd, 017447.900, 98
Trd, 017448.250, 99
Trd, 017450.450, 104
Trd, 017456.000, 106
Trd, 017457.250, 117
Trd, 017475.650, 92
Trd, 017478.900, 103
Trd, 017479.400, 103
Trd, 017482.350, 100
Trd, 017493.400, 99
Trd, 017509.950, 98
Trd, 017512.750, 101
Trd, 017513.350, 101
Trd, 017537.700, 101
Trd, 017539.050, 112
Trd, 017541.400, 110
Trd, 017542.100, 109
Trd, 017567.900, 106
Trd, 017568.700, 120
Trd, 017569.100, 103
Trd, 017573.100, 112
Trd, 017597.800, 111
Trd, 017598.500, 109
Trd, 017603.350, 106
Trd, 017605.600, 105
Trd, 017627.750, 92
Trd, 017629.350, 146
Trd, 017629.850, 111
Trd, 017658.850, 121
Trd, 017669.300, 126
Trd, 017671.050, 121
Trd, 017686.250, 114
Trd, 017688.750, 119
Trd, 017690.200, 116
Trd, 017692.900, 103
Trd, 017694.850, 117
Trd, 017701.500, 114
Trd, 017718.600, 113
Trd, 017719.150, 116
Trd, 017719.300, 114
Trd, 017721.550, 114
Trd, 017729.050, 103
Trd, 017729.850, 92
Trd, 017752.000, 110
Trd, 017753.100, 111
Trd, 017757.100, 110
Trd, 017757.450, 105
Trd, 017774.950, 104
Trd, 017779.250, 108
Trd, 017780.300, 109
Trd, 017781.900, 109
Trd, 017785.650, 104
Trd, 017798.350, 108
Trd, 017808.450, 106
Trd, 017808.850, 105
Trd, 017809.750, 100
Trd, 017815.400, 116
Trd, 017827.550, 102
Trd, 017838.800, 102
Trd, 017840.100, 106
Trd, 017840.600, 106
Trd, 017842.650, 105
Trd, 017845.500, 103
Trd, 017868.850, 103
Trd, 017869.550, 121
Trd, 017872.400, 107
Trd, 017879.300, 110
Trd, 017880.250, 103
Trd, 017898.950, 101
Trd, 017899.750, 108
Trd, 017915.550, 142
Trd, 017928.900, 141
Trd, 017929.150, 123
Trd, 017932.900, 116
Trd, 017933.050, 103
Trd, 017935.400, 102
Trd, 017958.950, 118
Trd, 017959.400, 106
Trd, 017959.800, 100
Trd, 017974.600, 105
Trd, 017986.650, 106
Trd, 017989.650, 106
Trd, 017990.800, 105
Trd, 017993.050, 77
Trd, 018006.600, 105
Trd, 018019.400, 99
Trd, 018021.950, 95
Trd, 018024.450, 96
Trd, 018028.550, 105
Trd, 018030.550, 96
Trd, 018049.400, 112
Trd, 018049.750, 101
Trd, 018050.200, 87
Trd, 018053.200, 82
Trd, 018079.550, 103
Trd, 018079.800, 100
Trd, 018082.950, 99
Trd, 018087.850, 105
Trd, 018093.550, 99
Trd, 018109.550, 101
Trd, 018111.150, 112
Trd, 018114.450, 120
Trd, 018139.500, 139
Trd, 018140.200, 114
Trd, 018143.450, 107
Trd, 018143.650, 104
Trd, 018169.650, 56
Trd, 018170.900, 109
Trd, 018176.550, 123
Trd, 018207.700, 123
Trd, 018208.100, 123
Trd, 018213.600, 109
Trd, 018230.000, 114
Trd, 018234.250, 114
Trd, 018236.500, 113
Trd, 018237.600, 110
Trd, 018261.950, 112
Trd, 018262.300, 108
Trd, 018262.600, 110
Trd, 018278.850, 104
Trd, 018280.200, 111
Trd, 018292.200, 110
Trd, 018298.200, 110
Trd, 018298.650, 111
Trd, 018312.550, 107
Trd, 018322.950, 108
Trd, 018326.000, 110
Trd, 018328.300, 107
Trd, 018331.500, 109
Trd, 018350.400, 109
Trd, 018350.550, 93
Trd, 018357.550, 104
Trd, 018365.900, 106
Trd, 018381.700, 106
Trd, 018386.250, 105
Trd, 018386.600, 107
Trd, 018386.650, 104
Trd, 018397.700, 107
Trd, 018411.000, 96
Trd, 018411.050, 104
Trd, 018414.350, 99
Trd, 018415.000, 102
Trd, 018416.800, 105
Trd, 018440.450, 107
Trd, 018440.800, 106
Trd, 018450.450, 104
Trd, 018451.050, 93
Trd, 018472.050, 100
Trd, 018473.100, 93
Trd, 018473.250, 106
Trd, 018473.400, 110
Trd, 018477.450, 104
Trd, 018501.500, 107
Trd, 018501.850, 105
Trd, 018505.750, 105
Trd, 018512.000, 104
Trd, 018516.050, 102
Trd, 018530.950, 106
Trd, 018532.650, 101
Trd, 018534.850, 104
Trd, 018539.600, 105
Trd, 018543.850, 101
Trd, 018562.250, 105
Trd, 018564.100, 104
Trd, 018567.550, 104
Trd, 018571.250, 105
Trd, 018581.050, 103
Trd, 018591.350, 110
Trd, 018591.700, 106
Trd, 018592.100, 107
Trd, 018593.050, 92
Trd, 018597.800, 125
Trd, 018615.500, 99
Trd, 018622.600, 108
Trd, 018624.200, 110
Trd, 018629.000, 107
Trd, 018632.350, 104
Trd, 018640.400, 111
Trd, 018651.850, 107
Trd, 018655.700, 106
Trd, 018655.750, 110
Trd, 018663.550, 105
Trd, 018681.950, 109
Trd, 018684.600, 119
Trd, 018687.750, 131
Trd, 018711.350, 120
Trd, 018711.650, 119
Trd, 018712.500, 116
Trd, 018715.800, 116
Trd, 018723.450, 103
Trd, 018730.600, 90
Trd, 018743.100, 110
Trd, 018747.750, 130
Trd, 018750.650, 108
Trd, 018771.650, 126
Trd, 018771.800, 98
Trd, 018772.600, 124
Trd, 018802.400, 93
Trd, 018803.050, 119
Trd, 018805.950, 108
Trd, 018816.250, 120
Trd, 018833.150, 116
Trd, 018834.050, 119
Trd, 018834.250, 116
Trd, 018840.700, 115
Trd, 018847.300, 104
Trd, 018852.300, 92
Trd, 018862.800, 109
Trd, 018864.150, 111
Trd, 018864.450, 111
Trd, 018874.550, 107
Trd, 018894.050, 111
Trd, 018897.300, 113
Trd, 018899.200, 119
Trd, 018921.150, 104
Trd, 018923.850, 119
Trd, 018923.900, 115
Trd, 018932.950, 115
Trd, 018952.750, 114
Trd, 018953.400, 113
Trd, 018966.750, 144
Trd, 018974.750, 125
Trd, 018982.500, 102
Trd, 018985.600, 120
Trd, 019013.000, 121
Trd, 019014.150, 119
Trd, 019016.200, 102
Trd, 019039.650, 104
Trd, 019044.500, 109
Trd, 019048.050, 113
Trd, 019048.450, 114
Trd, 019052.700, 103
Trd, 019060.800, 106
Trd, 019073.250, 101
Trd, 019073.450, 92
Trd, 019075.900, 105
Trd, 019104.600, 139
Trd, 019105.000, 133
Trd, 019113.500, 104
Trd, 019113.550, 119
Trd, 019123.600, 106
Trd, 019133.150, 103
Trd, 019135.500, 141
Trd, 019137.200, 126
Trd, 019148.300, 102
Trd, 019151.450, 126
Trd, 019163.450, 117
Trd, 019165.750, 123
Trd, 019172.050, 124
Trd, 019176.050, 101
Trd, 019193.400, 116
Trd, 019193.850, 113
Trd, 019194.150, 115
Trd, 019195.850, 107
Trd, 019218.300, 103
Trd, 019224.100, 113
Trd, 019225.200, 111
Trd, 019225.600, 111
Trd, 019247.350, 109
Trd, 019253.500, 110
Trd, 019260.100, 115
Trd, 019276.100, 115
Trd, 019284.100, 114
Trd, 019284.350, 114
Trd, 019288.600, 113
Trd, 019306.550, 113
Trd, 019313.800, 113
Trd, 019316.600, 112
Trd, 019317.250, 113
Trd, 019327.500, 104
Trd, 019327.650, 111
Trd, 019343.950, 111
Trd, 019345.200, 110
Trd, 019345.550, 110
Trd, 019352.400, 108
Trd, 019357.650, 104
Trd, 019374.300, 108
Trd, 019375.600, 109
Trd, 019383.900, 108
Trd, 019399.100, 106
Trd, 019403.850, 108
Trd, 019404.200, 108
Trd, 019405.850, 107
Trd, 019409.250, 109
Trd, 019430.500, 104
Trd, 019434.300, 106
Trd, 019434.600, 107
Trd, 019436.500, 108
Trd, 019437.550, 109
Trd, 019437.650, 104
Trd, 019465.650, 107
Trd, 019465.700, 107
Trd, 019467.000, 106
Trd, 019478.050, 107
Trd, 019487.850, 104
Trd, 019495.900, 107
Trd, 019496.850, 104
Trd, 019501.050, 145
Trd, 019510.600, 114
Trd, 019524.000, 129
Trd, 019524.600, 110
Trd, 019525.450, 122
Trd, 019554.350, 119
Trd, 019554.800, 122
Trd, 019556.050, 121
Trd, 019559.400, 104
Trd, 019586.050, 119
Trd, 019596.150, 108
Trd, 019615.950, 117
Trd, 019626.750, 121
Trd, 019644.550, 102
Trd, 019645.300, 95
Trd, 019646.400, 95
Trd, 019656.750, 98
Trd, 019668.000, 95
Trd, 019674.750, 96
Trd, 019675.150, 93
Trd, 019676.200, 106
Trd, 019676.800, 109
Trd, 019688.350, 93
Trd, 019706.350, 100
Trd, 019710.350, 95
Trd, 019716.350, 100
Trd, 019727.100, 98
Trd, 019735.400, 100
Trd, 019737.500, 100
Trd, 019745.400, 97
Trd, 019748.900, 112
Trd, 019765.150, 103
Trd, 019765.350, 105
Trd, 019772.450, 105
Trd, 019775.200, 103
Trd, 019777.300, 101
Trd, 019796.600, 105
Trd, 019797.800, 103
Trd, 019799.950, 105
Trd, 019814.800, 104
Trd, 019826.500, 103
Trd, 019827.100, 105
Trd, 019829.400, 105
Trd, 019831.650, 101
Trd, 019857.550, 105
Trd, 019859.400, 102
Trd, 019862.500, 105
Trd, 019870.950, 101
Trd, 019885.650, 105
Trd, 019888.150, 104
Trd, 019891.650, 101
Trd, 019897.000, 100
Trd, 019918.450, 103
Trd, 019919.950, 100
Trd, 019925.700, 103
Trd, 019926.650, 100
Trd, 019949.900, 99
Trd, 019952.950, 103
Trd, 019955.900, 98
Trd, 019956.950, 103
Trd, 019975.600, 103
Trd, 019976.100, 97
Trd, 019977.150, 122
Trd, 019977.800, 123
Trd, 019999.550, 115
Trd, 020005.700, 114
Trd, 020006.450, 114
Trd, 020009.250, 103
Trd, 020018.550, 91
Trd, 020035.750, 128
Trd, 020036.300, 116
Trd, 020039.700, 104
Trd, 020041.500, 117
Trd, 020066.400, 112
Trd, 020067.300, 111
Trd, 020069.500, 115
Trd, 020075.150, 104
Trd, 020082.250, 105
Trd, 020097.050, 113
Trd, 020102.750, 110
Trd, 020104.850, 108
Trd, 020115.200, 113
Trd, 020126.200, 90
Trd, 020126.800, 108
Trd, 020127.850, 110
Trd, 020144.600, 107
Trd, 020161.000, 108
Trd, 020161.900, 107
Trd, 020164.950, 107
Trd, 020165.450, 106
Trd, 020173.050, 104
Trd, 020187.100, 105
Trd, 020187.500, 105
Trd, 020196.700, 104
Trd, 020219.550, 105
Trd, 020221.550, 104
Trd, 020222.350, 105
Trd, 020223.050, 103
Trd, 020224.600, 103
Trd, 020247.200, 102
Trd, 020247.300, 102
Trd, 020251.900, 104
Trd, 020253.200, 104
Trd, 020278.750, 101
Trd, 020281.300, 104
Trd, 020283.850, 104
Trd, 020294.650, 103
Trd, 020308.200, 101
Trd, 020309.350, 104
Trd, 020311.650, 103
Trd, 020313.200, 100
Trd, 020336.750, 99
Trd, 020337.550, 88
Trd, 020337.900, 91
Trd, 020338.400, 83
Trd, 020341.350, 105
Trd, 020367.400, 105
Trd, 020368.350, 110
Trd, 020368.850, 101
Trd, 020378.550, 104
Trd, 020380.000, 91
Trd, 020397.600, 101
Trd, 020398.500, 100
Trd, 020403.900, 99
Trd, 020404.400, 105
Trd, 020408.150, 99
Trd, 020427.450, 102
Trd, 020429.450, 106
Trd, 020435.200, 100
Trd, 020457.350, 103
Trd, 020457.900, 105
Trd, 020460.200, 99
Trd, 020478.400, 99
Trd, 020492.600, 101
Trd, 020493.150, 101
Trd, 020494.050, 98
Trd, 020496.650, 98
Trd, 020519.550, 97
Trd, 020521.250, 101
Trd, 020523.300, 101
Trd, 020527.200, 97
Trd, 020548.550, 96
Trd, 020549.150, 99
Trd, 020551.900, 98
Trd, 020577.750, 81
Trd, 020578.000, 87
Trd, 020580.000, 118
Trd, 020583.650, 92
Trd, 020585.150, 108
Trd, 020607.850, 94
Trd, 020610.150, 96
Trd, 020611.250, 117
Trd, 020613.550, 101
Trd, 020619.350, 95
Trd, 020641.700, 100
Trd, 020644.350, 100
Trd, 020659.850, 100
Trd, 020661.950, 100
Trd, 020668.250, 99
Trd, 020669.300, 99
Trd, 020669.750, 100
Trd, 020697.950, 59
Trd, 020698.950, 115
Trd, 020703.600, 138
Trd, 020705.450, 137
Trd, 020713.900, 110
Trd, 020728.250, 109
Trd, 020728.950, 109
Trd, 020731.800, 108
Trd, 020732.450, 104
Trd, 020733.150, 116
Trd, 020758.300, 118
Trd, 020759.700, 103
Trd, 020762.750, 106
Trd, 020765.250, 106
Trd, 020766.550, 96
Trd, 020788.950, 94
Trd, 020789.100, 102
Trd, 020789.350, 107
Trd, 020793.550, 104
Trd, 020803.850, 116
Trd, 020818.950, 110
Trd, 020819.100, 107
Trd, 020821.550, 109
Trd, 020823.100, 116
Trd, 020828.150, 103
Trd, 020849.100, 108
Trd, 020851.500, 104
Trd, 020852.500, 110
Trd, 020879.600, 106
Trd, 020881.400, 106
Trd, 020882.050, 108
Trd, 020889.200, 107
Trd, 020896.700, 104
Trd, 020908.650, 102
Trd, 020915.950, 142
Trd, 020918.300, 113
Trd, 020937.250, 104
Trd, 020939.050, 114
Trd, 020942.950, 111
Trd, 020956.750, 112
Trd, 020962.250, 104
Trd, 020964.750, 112
Trd, 020969.400, 112
Trd, 020970.200, 106
Trd, 020974.250, 112
Trd, 021000.250, 131
Trd, 021003.500, 127
Trd, 021008.850, 114
Trd, 021015.500, 104
Trd, 021018.850, 113
Trd, 021029.150, 114
Trd, 021029.750, 116
Trd, 021030.100, 113
Trd, 021033.000, 121
Trd, 021034.450, 103
Trd, 021060.150, 114
Trd, 021060.350, 106
Trd, 021063.800, 114
Trd, 021073.700, 107
Trd, 021089.550, 114
Trd, 021090.850, 97
Trd, 021105.550, 104
Trd, 021105.950, 98
Trd, 021120.550, 101
Trd, 021122.350, 101
Trd, 021128.050, 97
Trd, 021134.100, 97
Trd, 021143.900, 96
Trd, 021150.750, 100
Trd, 021152.700, 100
Trd, 021176.050, 95
Trd, 021179.850, 94
Trd, 021182.800, 100
Trd, 021184.400, 100
Trd, 021184.550, 95
Trd, 021209.750, 117
Trd, 021210.800, 85
Trd, 021211.700, 100
Trd, 021233.650, 86
Trd, 021241.050, 99
Trd, 021242.450, 100
Trd, 021253.050, 100
Trd, 021270.150, 100
Trd, 021272.050, 100
Trd, 021277.850, 98
Trd, 021300.850, 97
Trd, 021301.300, 100
Trd, 021306.100, 100
Trd, 021323.200, 85
Trd, 021330.800, 100
Trd, 021333.150, 93
Trd, 021333.500, 99
Trd, 021338.800, 105
Trd, 021348.650, 95
Trd, 021362.000, 105
Trd, 021362.300, 110
Trd, 021364.050, 103
Trd, 021371.550, 107
Trd, 021376.300, 104
Trd, 021391.000, 105
Trd, 021393.000, 105
Trd, 021399.650, 125
Trd, 021399.750, 102
Trd, 021420.750, 118
Trd, 021421.800, 120
Trd, 021422.850, 101
Trd, 021423.800, 114
Trd, 021451.500, 114
Trd, 021451.650, 115
Trd, 021454.100, 109
Trd, 021459.550, 114
Trd, 021475.650, 104
Trd, 021483.100, 111
Trd, 021483.150, 112
Trd, 021491.000, 110
Trd, 021497.900, 112
Trd, 021511.650, 112
Trd, 021514.550, 110
Trd, 021517.750, 112
Trd, 021525.650, 109
Trd, 021527.600, 104
Trd, 021541.250, 103
Trd, 021548.600, 112
Trd, 021571.800, 112
Trd, 021575.350, 107
Trd, 021580.800, 108
Trd, 021582.250, 106
Trd, 021601.250, 111
Trd, 021602.000, 109
Trd, 021602.500, 109
Trd, 021604.350, 105
Trd, 021611.700, 100
Trd, 021638.400, 108
Trd, 021639.450, 108
Trd, 021644.600, 104
Trd, 021649.300, 108
Trd, 021658.900, 104
Trd, 021662.450, 108
Trd, 021663.750, 112
Trd, 021669.500, 109
Trd, 021677.050, 104
Trd, 021677.650, 105
Trd, 021692.150, 107
Trd, 021694.800, 108
Trd, 021701.400, 108
Trd, 021721.700, 103
Trd, 021723.950, 105
Trd, 021725.850, 108
Trd, 021755.800, 104
Trd, 021756.150, 108
Trd, 021772.800, 108
Trd, 021772.850, 104
Trd, 021783.300, 104
Trd, 021788.150, 103
Trd, 021788.500, 107
Trd, 021815.500, 107
Trd, 021822.350, 103
Trd, 021825.050, 107
Trd, 021827.800, 103
Trd, 021841.850, 90
Trd, 021842.250, 92
Trd, 021842.550, 107
Trd, 021843.550, 98
Trd, 021850.550, 116
Trd, 021866.300, 98
Trd, 021876.500, 100
Trd, 021879.350, 97
Trd, 021881.650, 99
Trd, 021903.000, 99
Trd, 021911.450, 123
Trd, 021914.800, 113
Trd, 021922.200, 115
Trd, 021932.650, 110
Trd, 021936.450, 115
Trd, 021938.800, 104
Trd, 021955.450, 126
Trd, 021962.750, 118
Trd, 021964.100, 114
Trd, 021964.300, 103
Trd, 021964.350, 116
Trd, 021976.750, 109
Trd, 021992.350, 112
Trd, 021995.500, 108
Trd, 021996.900, 104
Trd, 021999.700, 109
Trd, 022004.400, 116
Trd, 022023.600, 112
Trd, 022025.250, 114
Trd, 022030.150, 109
Trd, 022038.650, 109
Trd, 022047.450, 102
Trd, 022052.700, 110
Trd, 022056.000, 108
Trd, 022061.400, 104
Trd, 022071.400, 103
Trd, 022080.800, 108
Trd, 022083.400, 108
Trd, 022087.850, 108
Trd, 022088.500, 106
Trd, 022092.050, 105
Trd, 022113.050, 58
Trd, 022114.800, 93
Trd, 022116.950, 108
Trd, 022117.450, 108
Trd, 022144.850, 106
Trd, 022147.350, 105
Trd, 022147.700, 102
Trd, 022173.500, 96
Trd, 022175.050, 98
Trd, 022177.450, 106
Trd, 022189.450, 101
Trd, 022203.450, 99
Trd, 022206.650, 99
Trd, 022208.250, 106
Trd, 022208.600, 106
Trd, 022222.950, 102
Trd, 022233.600, 101
Trd, 022233.750, 106
Trd, 022236.950, 104
Trd, 022239.800, 101
Trd, 022263.450, 101
Trd, 022264.300, 101
Trd, 022266.000, 101
Trd, 022266.850, 100
Trd, 022295.300, 100
Trd, 022298.200, 99
Trd, 022302.350, 98
Trd, 022304.350, 100
Trd, 022314.000, 98
Trd, 022323.650, 100
Trd, 022325.500, 100
Trd, 022328.800, 97
Trd, 022345.450, 98
Trd, 022348.450, 97
Trd, 022354.950, 100
Trd, 022355.550, 100
Trd, 022355.700, 97
Trd, 022356.800, 105
Trd, 022361.150, 100
Trd, 022384.550, 102
Trd, 022385.900, 102
Trd, 022391.000, 105
Trd, 022396.050, 98
Trd, 022416.900, 103
Trd, 022418.500, 103
Trd, 022420.950, 101
Trd, 022422.800, 102
Trd, 022438.700, 101
Trd, 022450.600, 101
Trd, 022452.050, 101
Trd, 022455.400, 101
Trd, 022457.450, 101
Trd, 022474.150, 100
Trd, 022474.900, 100
Trd, 022476.600, 101
Trd, 022487.300, 99
Trd, 022492.900, 98
Trd, 022505.100, 99
Trd, 022507.400, 100
Trd, 022509.800, 105
Trd, 022509.900, 98
Trd, 022520.450, 96
Trd, 022534.300, 100
Trd, 022534.900, 98
Trd, 022535.350, 105
Trd, 022541.100, 96
Trd, 022553.250, 93
Trd, 022564.300, 98
Trd, 022564.850, 93
Trd, 022565.500, 105
Trd, 022574.750, 102
Trd, 022594.800, 92
Trd, 022595.000, 96
Trd, 022595.500, 96
Trd, 022603.750, 111
Trd, 022624.750, 96
Trd, 022625.000, 100
Trd, 022627.700, 103
Trd, 022634.500, 102
Trd, 022654.500, 102
Trd, 022656.350, 116
Trd, 022657.500, 117
Trd, 022671.750, 98
Trd, 022675.300, 91
Trd, 022685.550, 111
Trd, 022686.000, 109
Trd, 022694.050, 109
Trd, 022695.400, 116
Trd, 022702.750, 104
Trd, 022715.500, 111
Trd, 022716.300, 111
Trd, 022722.350, 106
Trd, 022726.400, 110
Trd, 022727.950, 104
Trd, 022745.400, 113
Trd, 022746.150, 112
Trd, 022747.150, 84
Trd, 022753.750, 106
Trd, 022774.850, 107
Trd, 022775.750, 103
Trd, 022775.850, 106
Trd, 022776.700, 104
Trd, 022784.400, 88
Trd, 022805.400, 102
Trd, 022805.450, 101
Trd, 022806.400, 96
Trd, 022816.750, 104
Trd, 022821.450, 93
Trd, 022836.200, 114
Trd, 022836.900, 106
Trd, 022839.900, 104
Trd, 022840.250, 101
Trd, 022865.600, 109
Trd, 022866.000, 107
Trd, 022866.150, 108
Trd, 022869.500, 104
Trd, 022871.950, 117
Trd, 022884.500, 91
Trd, 022895.550, 114
Trd, 022895.950, 113
Trd, 022902.550, 91
Trd, 022903.000, 105
Trd, 022907.200, 99
Trd, 022925.600, 114
Trd, 022928.150, 105
Trd, 022929.800, 105
Trd, 022934.500, 97
Trd, 022939.900, 96
Trd, 022955.700, 106
Trd, 022961.250, 106
Trd, 022963.750, 95
Trd, 022966.050, 106
Trd, 022969.000, 96
Trd, 022986.200, 105
Trd, 022986.550, 105
Trd, 022995.150, 101
Trd, 023015.750, 105
Trd, 023016.150, 87
Trd, 023018.750, 98
Trd, 023019.200, 101
Trd, 023021.450, 88
Trd, 023045.900, 97
Trd, 023047.950, 97
Trd, 023053.950, 96
Trd, 023062.100, 99
Trd, 023075.900, 99
Trd, 023076.350, 99
Trd, 023078.000, 105
Trd, 023089.400, 98
Trd, 023094.000, 97
Trd, 023106.300, 99
Trd, 023107.450, 117
Trd, 023108.900, 96
Trd, 023114.050, 98
Trd, 023114.600, 97
Trd, 023136.100, 89
Trd, 023137.250, 103
Trd, 023143.100, 128
Trd, 023174.250, 127
Trd, 023176.400, 126
Trd, 023202.600, 125
Trd, 023213.300, 124
Trd, 023227.950, 124
Trd, 023229.050, 123
Trd, 023231.800, 120
Trd, 023260.300, 122
Trd, 023275.800, 124
Trd, 023293.650, 121
Trd, 023307.250, 120
Trd, 023312.300, 124
Trd, 023316.400, 99
Trd, 023317.400, 111
Trd, 023320.500, 116
Trd, 023320.550, 115
Trd, 023323.500, 112
Trd, 023347.750, 116
Trd, 023347.800, 114
Trd, 023349.100, 104
Trd, 023351.000, 103
Trd, 023361.950, 103
Trd, 023377.900, 108
Trd, 023378.100, 112
Trd, 023380.300, 108
Trd, 023382.700, 102
Trd, 023386.550, 91
Trd, 023389.850, 113
Trd, 023408.300, 108
Trd, 023411.300, 105
Trd, 023413.300, 106
Trd, 023414.150, 105
Trd, 023437.900, 107
Trd, 023439.650, 105
Trd, 023448.900, 107
Trd, 023467.800, 100
Trd, 023467.900, 105
Trd, 023480.900, 104
Trd, 023488.950, 103
Trd, 023498.100, 103
Trd, 023500.900, 105
Trd, 023501.150, 106
Trd, 023505.650, 99
Trd, 023510.400, 99
Trd, 023527.600, 119
Trd, 023530.250, 102
Trd, 023538.000, 94
Trd, 023560.300, 102
Trd, 023572.200, 96
Trd, 023574.600, 101
Trd, 023582.250, 95
Trd, 023589.400, 101
Trd, 023589.950, 95
Trd, 023592.450, 122
Trd, 023605.600, 103
Trd, 023617.900, 105
Trd, 023619.600, 117
Trd, 023622.450, 115
Trd, 023622.650, 102
Trd, 023633.150, 116
Trd, 023648.100, 106
Trd, 023648.450, 107
Trd, 023649.300, 107
Trd, 023655.900, 104
Trd, 023669.800, 101
Trd, 023678.000, 102
Trd, 023678.100, 103
Trd, 023679.500, 111
Trd, 023684.050, 104
Trd, 023686.900, 117
Trd, 023697.050, 93
Trd, 023708.000, 104
Trd, 023710.550, 104
Trd, 023712.450, 108
Trd, 023715.050, 104
Trd, 023719.400, 103
Trd, 023738.250, 103
Trd, 023738.550, 106
Trd, 023739.700, 107
Trd, 023770.500, 103
Trd, 023773.550, 102
Trd, 023793.650, 101
Trd, 023794.200, 103
Trd, 023798.400, 103
Trd, 023799.000, 100
Trd, 023808.600, 117
Trd, 023828.450, 114
Trd, 023834.350, 120
Trd, 023845.100, 121
Trd, 023857.950, 121
Trd, 023859.200, 120
Trd, 023865.450, 100
Trd, 023865.750, 105
Trd, 023884.850, 106
Trd, 023889.450, 105
Trd, 023890.050, 101
Trd, 023891.550, 97
Trd, 023894.850, 105
Trd, 023899.050, 95
Trd, 023918.750, 100
Trd, 023919.750, 95
Trd, 023919.950, 101
Trd, 023930.150, 95
Trd, 023948.850, 101
Trd, 023949.650, 72
Trd, 023949.950, 84
Trd, 023966.650, 118
Trd, 023978.850, 120
Trd, 023980.450, 84
Trd, 023981.600, 102
Trd, 023987.500, 104
Trd, 024011.150, 102
Trd, 024011.250, 101
Trd, 024011.600, 99
Trd, 024040.900, 102
Trd, 024048.050, 101
Trd, 024049.750, 99
Trd, 024050.100, 98
Trd, 024070.000, 97
Trd, 024073.650, 100
Trd, 024073.800, 100
Trd, 024083.250, 98
Trd, 024100.100, 100
Trd, 024103.750, 97
Trd, 024104.050, 96
Trd, 024105.150, 105
Trd, 024107.550, 95
Trd, 024129.700, 97
Trd, 024130.950, 118
Trd, 024133.150, 116
Trd, 024136.900, 112
Trd, 024159.750, 109
Trd, 024160.400, 109
Trd, 024162.700, 102
Trd, 024163.050, 110
Trd, 024184.250, 93
Trd, 024191.900, 108
Trd, 024192.200, 109
Trd, 024200.050, 109
Trd, 024202.900, 105
Trd, 024219.700, 110
Trd, 024222.650, 106
Trd, 024236.950, 109
Trd, 024242.800, 104
Trd, 024251.150, 108
Trd, 024255.200, 108
Trd, 024255.600, 105
Trd, 024263.050, 105
Trd, 024280.000, 107
Trd, 024283.050, 104
Trd, 024283.450, 103
Trd, 024285.050, 107
Trd, 024310.850, 107
Trd, 024313.900, 104
Trd, 024317.800, 104
Trd, 024332.850, 107
Trd, 024340.050, 116
Trd, 024340.850, 88
Trd, 024341.250, 85
Trd, 024348.400, 109
Trd, 024372.050, 115
Trd, 024375.650, 117
Trd, 024400.450, 115
Trd, 024401.350, 82
Trd, 024401.900, 110
Trd, 024402.800, 95
Trd, 024405.500, 99
Trd, 024411.550, 100
Trd, 024430.650, 105
Trd, 024430.800, 103
Trd, 024431.750, 102
Trd, 024432.900, 96
Trd, 024446.800, 93
Trd, 024450.050, 95
Trd, 024460.750, 97
Trd, 024462.300, 109
Trd, 024464.900, 119
Trd, 024491.700, 105
Trd, 024492.450, 100
Trd, 024492.900, 110
Trd, 024493.150, 108
Trd, 024496.150, 106
Trd, 024521.700, 113
Trd, 024522.000, 116
Trd, 024522.200, 112
Trd, 024528.000, 101
Trd, 024532.350, 106
Trd, 024541.400, 93
Trd, 024551.100, 107
Trd, 024551.500, 105
Trd, 024554.050, 104
Trd, 024556.000, 108
Trd, 024559.650, 104
Trd, 024581.250, 104
Trd, 024581.400, 106
Trd, 024581.950, 98
Trd, 024586.600, 100
Trd, 024606.400, 99
Trd, 024612.450, 98
Trd, 024612.850, 99
Trd, 024613.950, 120
Trd, 024614.400, 96
Trd, 024641.150, 86
Trd, 024641.550, 93
Trd, 024642.500, 100
Trd, 024645.500, 92
Trd, 024651.350, 106
Trd, 024672.050, 98
Trd, 024672.200, 94
Trd, 024672.550, 93
Trd, 024675.450, 106
Trd, 024676.350, 97
Trd, 024682.650, 95
Trd, 024702.600, 101
Trd, 024716.400, 98
Trd, 024718.650, 96
Trd, 024731.500, 83
Trd, 024736.300, 112
Trd, 024746.350, 115
Trd, 024762.500, 121
Trd, 024768.250, 117
Trd, 024770.400, 120
Trd, 024782.700, 104
Trd, 024787.950, 112
Trd, 024791.850, 110
Trd, 024792.300, 114
Trd, 024794.900, 102
Trd, 024795.900, 112
Trd, 024796.200, 114
Trd, 024822.500, 107
Trd, 024822.950, 110
Trd, 024823.850, 104
Trd, 024824.600, 96
Trd, 024827.500, 110
Trd, 024852.900, 106
Trd, 024855.950, 105
Trd, 024858.350, 107
Trd, 024859.800, 104
Trd, 024878.550, 104
Trd, 024882.600, 103
Trd, 024883.250, 103
Trd, 024887.150, 106
Trd, 024899.550, 106
Trd, 024911.950, 92
Trd, 024912.700, 86
Trd, 024914.750, 105
Trd, 024918.700, 101
Trd, 024942.000, 79
Trd, 024943.750, 141
Trd, 024954.550, 119
Trd, 024963.900, 112
Trd, 024973.200, 115
Trd, 024973.650, 114
Trd, 024973.700, 102
Trd, 024974.900, 110
Trd, 025002.250, 124
Trd, 025003.200, 96
Trd, 025007.350, 107
Trd, 025014.650, 101
Trd, 025033.350, 102
Trd, 025034.200, 105
Trd, 025034.900, 105
Trd, 025035.400, 102
Trd, 025064.300, 105
Trd, 025065.800, 105
Trd, 025066.650, 104
Trd, 025069.050, 104
Trd, 025069.550, 102
Trd, 025094.300, 105
Trd, 025095.550, 105
Trd, 025098.700, 102
Trd, 025099.050, 102
Trd, 025122.800, 90
Trd, 025122.950, 89
Trd, 025156.950, 132
Trd, 025157.450, 117
Trd, 025158.000, 116
Trd, 025182.950, 116
Trd, 025183.850, 116
Trd, 025187.850, 101
Trd, 025192.400, 93
Trd, 025204.400, 109
Trd, 025213.250, 109
Trd, 025214.450, 103
Trd, 025218.500, 109
Trd, 025220.750, 104
Trd, 025243.800, 109
Trd, 025249.800, 106
Trd, 025252.550, 92
Trd, 025262.100, 102
Trd, 025273.700, 102
Trd, 025274.700, 102
Trd, 025275.500, 93
Trd, 025282.650, 105
Trd, 025283.750, 92
Trd, 025306.050, 103
Trd, 025306.250, 103
Trd, 025307.850, 99
Trd, 025312.200, 98
Trd, 025334.350, 106
Trd, 025335.000, 98
Trd, 025335.850, 103
Trd, 025338.300, 96
Trd, 025373.100, 103
Trd, 025374.500, 98
Trd, 025397.000, 101
Trd, 025397.050, 101
Trd, 025400.750, 97
Trd, 025400.950, 97
Trd, 025425.150, 96
Trd, 025425.750, 96
Trd, 025425.850, 101
Trd, 025426.650, 101
Trd, 025456.950, 95
Trd, 025458.000, 101
Trd, 025459.650, 95
Trd, 025462.200, 101
Trd, 025484.100, 63
Trd, 025485.450, 84
Trd, 025514.000, 112
Trd, 025514.650, 99
Trd, 025515.000, 110
Trd, 025545.000, 135
Trd, 025545.600, 130
Trd, 025555.450, 111
Trd, 025561.650, 101
Trd, 025566.450, 107
Trd, 025574.150, 120
Trd, 025575.250, 82
Trd, 025576.900, 102
Trd, 025590.900, 109
Trd, 025604.350, 107
Trd, 025604.700, 93
Trd, 025605.800, 108
Trd, 025617.200, 108
Trd, 025628.500, 103
Trd, 025635.600, 107
Trd, 025635.950, 108
Trd, 025637.900, 105
Trd, 025650.300, 96
Trd, 025664.650, 94
Trd, 025665.100, 94
Trd, 025665.650, 95
Trd, 025669.100, 105
Trd, 025677.200, 93
Trd, 025694.750, 108
Trd, 025695.200, 102
Trd, 025695.350, 106
Trd, 025697.950, 106
Trd, 025698.650, 116
Trd, 025709.000, 92
Trd, 025725.500, 78
Trd, 025726.400, 87
Trd, 025727.600, 103
Trd, 025727.850, 106
Trd, 025745.700, 96
Trd, 025754.950, 112
Trd, 025755.150, 81
Trd, 025763.650, 97
Trd, 025771.950, 92
Trd, 025785.000, 90
Trd, 025786.300, 91
Trd, 025787.900, 96
Trd, 025788.450, 96
Trd, 025818.200, 96
Trd, 025820.650, 96
Trd, 025821.500, 95
Trd, 025838.450, 95
Trd, 025845.150, 96
Trd, 025846.600, 96
Trd, 025849.250, 94
Trd, 025867.000, 100
Trd, 025875.800, 98
Trd, 025876.900, 101
Trd, 025881.000, 103
Trd, 025881.050, 92
Trd, 025905.300, 96
Trd, 025919.500, 130
Trd, 025921.800, 129
Trd, 025935.350, 91
Trd, 025937.500, 124
Trd, 025948.800, 126
Trd, 025966.300, 125
Trd, 025971.550, 123
Trd, 025996.800, 115
Trd, 025997.400, 111
Trd, 025997.550, 113
Trd, 025998.350, 102
Trd, 026005.000, 108
Trd, 026005.750, 75
Trd, 026025.900, 107
Trd, 026026.200, 107
Trd, 026027.200, 109
Trd, 026031.700, 109
Trd, 026056.050, 73
Trd, 026057.150, 103
Trd, 026064.950, 109
Trd, 026068.050, 100
Trd, 026075.300, 98
Trd, 026094.400, 100
Trd, 026096.950, 102
Trd, 026119.700, 100
Trd, 026119.900, 104
Trd, 026121.850, 104
Trd, 026126.800, 99
Trd, 026146.250, 105
Trd, 026147.100, 100
Trd, 026147.750, 90
Trd, 026178.650, 97
Trd, 026179.250, 103
Trd, 026184.700, 103
Trd, 026188.600, 95
Trd, 026206.550, 94
Trd, 026207.050, 103
Trd, 026208.450, 94
Trd, 026212.900, 103
Trd, 026237.350, 95
Trd, 026237.850, 92
Trd, 026242.300, 101
Trd, 026246.650, 101
Trd, 026267.400, 101
Trd, 026267.900, 95
Trd, 026270.850, 101
Trd, 026285.700, 99
Trd, 026297.500, 99
Trd, 026299.050, 101
Trd, 026300.500, 98
Trd, 026312.650, 101
Trd, 026315.900, 97
Trd, 026327.550, 97
Trd, 026329.700, 101
Trd, 026330.500, 96
Trd, 026334.450, 105
Trd, 026340.600, 99
Trd, 026357.450, 97
Trd, 026357.550, 93
Trd, 026357.800, 106
Trd, 026360.350, 99
Trd, 026387.600, 112
Trd, 026387.700, 102
Trd, 026387.900, 102
Trd, 026390.700, 101
Trd, 026391.200, 108
Trd, 026417.100, 100
Trd, 026417.250, 100
Trd, 026417.450, 116
Trd, 026418.150, 99
Trd, 026431.950, 105
Trd, 026437.100, 92
Trd, 026447.050, 119
Trd, 026448.050, 81
Trd, 026453.050, 98
Trd, 026457.950, 92
Trd, 026477.550, 95
Trd, 026482.300, 95
Trd, 026483.300, 94
Trd, 026484.650, 93
Trd, 026490.350, 92
Trd, 026508.300, 82
Trd, 026508.700, 84
Trd, 026509.300, 88
Trd, 026509.400, 86
Trd, 026513.800, 105
Trd, 026537.500, 90
Trd, 026540.400, 102
Trd, 026542.100, 126
Trd, 026552.300, 104
Trd, 026567.850, 115
Trd, 026568.450, 114
Trd, 026579.700, 114
Trd, 026581.600, 104
Trd, 026596.850, 109
Trd, 026598.200, 112
Trd, 026603.500, 97
Trd, 026605.400, 97
Trd, 026605.650, 104
Trd, 026610.150, 96
Trd, 026628.150, 95
Trd, 026629.600, 102
Trd, 026631.850, 102
Trd, 026639.050, 96
Trd, 026642.200, 106
Trd, 026658.600, 100
Trd, 026660.650, 101
Trd, 026665.650, 101
Trd, 026666.100, 99
Trd, 026688.250, 106
Trd, 026688.450, 100
Trd, 026689.300, 102
Trd, 026691.250, 100
Trd, 026694.850, 103
Trd, 026719.350, 101
Trd, 026724.450, 102
Trd, 026725.300, 102
Trd, 026736.400, 100
Trd, 026748.900, 102
Trd, 026749.550, 100
Trd, 026750.450, 102
Trd, 026776.000, 99
Trd, 026780.250, 99
Trd, 026782.350, 102
Trd, 026782.500, 102
Trd, 026789.850, 98
Trd, 026808.700, 105
Trd, 026808.800, 102
Trd, 026809.250, 100
Trd, 026810.500, 103
Trd, 026811.500, 101
Trd, 026838.750, 102
Trd, 026842.600, 101
Trd, 026843.550, 101
Trd, 026850.250, 100
Trd, 026858.150, 98
Trd, 026868.400, 101
Trd, 026868.950, 99
Trd, 026871.800, 101
Trd, 026873.250, 99
Trd, 026898.700, 87
Trd, 026901.400, 110
Trd, 026911.800, 129
Trd, 026926.100, 120
Trd, 026928.700, 120
Trd, 026929.500, 90
Trd, 026929.550, 109
Trd, 026931.700, 109
Trd, 026932.700, 101
Trd, 026936.400, 117
Trd, 026958.850, 117
Trd, 026959.650, 108
Trd, 026959.850, 104
Trd, 026961.200, 107
Trd, 026961.350, 92
Trd, 026988.900, 106
Trd, 026992.300, 107
Trd, 027000.450, 128
Trd, 027019.850, 92
Trd, 027020.100, 110
Trd, 027020.400, 115
Trd, 027020.700, 116
Trd, 027022.950, 104
Trd, 027026.850, 99
Trd, 027049.550, 127
Trd, 027049.700, 113
Trd, 027049.800, 117
Trd, 027051.150, 113
Trd, 027055.550, 104
Trd, 027079.700, 107
Trd, 027080.500, 90
Trd, 027080.550, 101
Trd, 027081.500, 98
Trd, 027083.950, 110
Trd, 027088.150, 116
Trd, 027109.450, 111
Trd, 027109.650, 82
Trd, 027113.250, 89
Trd, 027124.500, 101
Trd, 027139.350, 97
Trd, 027142.350, 138
Trd, 027147.500, 127
Trd, 027151.300, 101
Trd, 027157.250, 110
Trd, 027169.400, 112
Trd, 027169.550, 119
Trd, 027171.050, 96
Trd, 027171.600, 93
Trd, 027178.550, 105
Trd, 027199.750, 97
Trd, 027200.000, 127
Trd, 027200.450, 116
Trd, 027202.150, 104
Trd, 027221.150, 107
Trd, 027230.050, 107
Trd, 027230.300, 105
Trd, 027230.800, 112
Trd, 027230.850, 78
Trd, 027233.350, 91
Trd, 027235.800, 116
Trd, 027260.000, 106
Trd, 027261.550, 105
Trd, 027262.250, 111
Trd, 027264.700, 77
Trd, 027264.900, 116
Trd, 027268.400, 92
Trd, 027290.250, 98
Trd, 027290.550, 109
Trd, 027293.200, 99
Trd, 027295.300, 118
Trd, 027299.200, 101
Trd, 027320.600, 103
Trd, 027325.500, 106
Trd, 027329.950, 105
Trd, 027342.050, 111
Trd, 027351.400, 104
Trd, 027353.300, 107
Trd, 027354.950, 107
Trd, 027355.750, 103
Trd, 027380.400, 119
Trd, 027380.850, 109
Trd, 027383.200, 111
Trd, 027383.300, 116
Trd, 027388.200, 102
Trd, 027391.850, 90
Trd, 027410.950, 105
Trd, 027411.950, 111
Trd, 027416.950, 108
Trd, 027423.650, 107
Trd, 027426.450, 104
Trd, 027440.400, 108
Trd, 027445.950, 103
Trd, 027452.350, 103
Trd, 027455.200, 106
Trd, 027471.850, 101
Trd, 027471.900, 105
Trd, 027474.050, 101
Trd, 027474.600, 105
Trd, 027505.450, 105
Trd, 027511.750, 101
Trd, 027513.750, 100
Trd, 027516.150, 105
Trd, 027530.950, 105
Trd, 027537.900, 102
Trd, 027538.600, 99
Trd, 027541.200, 98
Trd, 027571.200, 98
Trd, 027571.500, 101
Trd, 027580.800, 97
Trd, 027581.650, 102
Trd, 027591.450, 102
Trd, 027591.650, 96
Trd, 027592.600, 95
Trd, 027595.700, 103
Trd, 027622.050, 103
Trd, 027633.650, 103
Trd, 027635.100, 100
Trd, 027636.500, 99
Trd, 027651.200, 103
Trd, 027653.850, 98
Trd, 027656.600, 103
Trd, 027667.900, 97
Trd, 027682.150, 99
Trd, 027684.950, 98
Trd, 027685.300, 100
Trd, 027685.450, 110
Trd, 027688.050, 98
Trd, 027711.800, 99
Trd, 027712.950, 99
Trd, 027716.250, 102
Trd, 027717.450, 102
Trd, 027741.400, 102
Trd, 027741.700, 97
Trd, 027744.150, 102
Trd, 027773.600, 100
Trd, 027774.800, 100
Trd, 027779.000, 98
Trd, 027780.850, 96
Trd, 027783.500, 105
Trd, 027802.250, 116
Trd, 027806.150, 98
Trd, 027807.300, 100
Trd, 027814.850, 97
Trd, 027832.250, 99
Trd, 027832.600, 101
Trd, 027834.750, 100
Trd, 027839.150, 106
Trd, 027841.400, 107
Trd, 027841.500, 93
Trd, 027861.900, 92
Trd, 027864.950, 102
Trd, 027868.100, 99
Trd, 027873.800, 103
Trd, 027891.950, 103
Trd, 027892.550, 68
Trd, 027893.300, 81
Trd, 027896.750, 105
Trd, 027924.250, 111
Trd, 027925.050, 113
Trd, 027925.200, 102
Trd, 027931.150, 103
Trd, 027932.050, 104
Trd, 027952.550, 103
Trd, 027952.750, 103
Trd, 027956.250, 101
Trd, 027956.400, 100
Trd, 027959.000, 105
Trd, 027982.550, 104
Trd, 027982.800, 98
Trd, 027985.950, 104
Trd, 027988.250, 97
Trd, 027995.300, 121
Trd, 028012.800, 106
Trd, 028013.050, 106
Trd, 028013.650, 102
Trd, 028014.050, 106
Trd, 028020.050, 98
Trd, 028021.200, 92
Trd, 028043.200, 106
Trd, 028045.350, 104
Trd, 028046.050, 104
Trd, 028048.500, 107
Trd, 028064.600, 98
Trd, 028072.500, 117
Trd, 028074.050, 103
Trd, 028078.950, 104
Trd, 028082.350, 108
Trd, 028104.100, 108
Trd, 028104.600, 108
Trd, 028104.800, 103
Trd, 028105.750, 108
Trd, 028106.100, 102
Trd, 028136.850, 105
Trd, 028139.050, 103
Trd, 028141.450, 98
Trd, 028151.300, 97
Trd, 028163.300, 96
Trd, 028165.000, 100
Trd, 028167.050, 100
Trd, 028170.000, 95
Trd, 028194.400, 94
Trd, 028195.650, 93
Trd, 028195.900, 100
Trd, 028199.700, 100
Trd, 028223.500, 102
Trd, 028234.250, 99
Trd, 028236.400, 97
Trd, 028239.300, 97
Trd, 028253.950, 99
Trd, 028254.650, 95
Trd, 028255.600, 96
Trd, 028255.900, 99
Trd, 028283.700, 98
Trd, 028283.750, 95
Trd, 028284.250, 107
Trd, 028284.300, 95
Trd, 028313.700, 79
Trd, 028314.800, 92
Trd, 028314.950, 92
Trd, 028316.200, 98
Trd, 028343.900, 107
Trd, 028344.100, 97
Trd, 028345.350, 114
Trd, 028346.500, 103
Trd, 028354.300, 102
Trd, 028374.100, 102
Trd, 028374.750, 101
Trd, 028375.400, 119
Trd, 028390.750, 100
Trd, 028404.600, 114
Trd, 028404.700, 100
Trd, 028414.050, 102
Trd, 028421.650, 108
Trd, 028426.200, 114
Trd, 028433.800, 108
Trd, 028434.100, 108
Trd, 028440.200, 108
Trd, 028441.400, 106
Trd, 028441.650, 104
Trd, 028463.850, 72
Trd, 028464.350, 109
Trd, 028491.100, 109
Trd, 028493.550, 108
Trd, 028496.950, 107
Trd, 028500.100, 105
Trd, 028500.900, 104
Trd, 028501.650, 109
Trd, 028507.800, 104
Trd, 028524.600, 102
Trd, 028525.300, 103
Trd, 028526.150, 101
Trd, 028528.350, 83
Trd, 028529.550, 106
Trd, 028534.100, 103
Trd, 028555.750, 101
Trd, 028557.100, 103
Trd, 028558.450, 102
Trd, 028560.600, 105
Trd, 028561.250, 100
Trd, 028584.350, 72
Trd, 028585.950, 93
Trd, 028588.350, 100
Trd, 028604.100, 133
Trd, 028615.000, 118
Trd, 028616.550, 119
Trd, 028618.850, 116
Trd, 028636.950, 113
Trd, 028637.450, 103
Trd, 028644.850, 113
Trd, 028648.750, 109
Trd, 028651.750, 104
Trd, 028653.900, 97
Trd, 028675.000, 108
Trd, 028677.750, 110
Trd, 028678.450, 104
Trd, 028681.400, 109
Trd, 028685.850, 104
Trd, 028704.650, 102
Trd, 028706.400, 105
Trd, 028706.500, 108
Trd, 028709.350, 106
Trd, 028714.050, 104
Trd, 028735.200, 93
Trd, 028735.700, 105
Trd, 028737.350, 101
Trd, 028739.050, 100
Trd, 028751.550, 101
Trd, 028765.950, 100
Trd, 028767.850, 100
Trd, 028768.950, 101
Trd, 028772.500, 101
Trd, 028794.900, 93
Trd, 028795.950, 116
Trd, 028796.450, 103
Trd, 028796.650, 98
Trd, 028800.900, 97
Trd, 028826.050, 96
Trd, 028827.400, 103
Trd, 028828.350, 103
Trd, 028832.550, 95
Trd, 028856.150, 99
Trd, 028858.300, 103
Trd, 028860.700, 103
Trd, 028862.900, 98
Trd, 028885.600, 96
Trd, 028885.950, 101
Trd, 028887.400, 97
Trd, 028887.600, 102
Trd, 028919.850, 84
Trd, 028920.550, 94
Trd, 028921.950, 93
Trd, 028926.550, 85
Trd, 028946.750, 93
Trd, 028948.100, 102
Trd, 028948.950, 96
Trd, 028958.950, 92
Trd, 028975.400, 111
Trd, 028975.700, 115
Trd, 028976.600, 103
Trd, 028976.950, 113
Trd, 028978.350, 95
Trd, 029005.800, 105
Trd, 029006.550, 100
Trd, 029009.000, 96
Trd, 029029.350, 114
Trd, 029035.650, 107
Trd, 029036.900, 116
Trd, 029044.150, 104
Trd, 029044.300, 106
Trd, 029066.250, 122
Trd, 029068.350, 124
Trd, 029068.600, 113
Trd, 029073.900, 120
Trd, 029095.850, 120
Trd, 029097.000, 115
Trd, 029097.100, 100
Trd, 029098.150, 113
Trd, 029099.300, 116
Trd, 029108.300, 93
Trd, 029126.300, 105
Trd, 029127.550, 105
Trd, 029128.200, 99
Trd, 029129.700, 104
Trd, 029144.600, 98
Trd, 029145.950, 93
Trd, 029156.300, 105
Trd, 029157.050, 110
Trd, 029157.550, 106
Trd, 029162.850, 109
Trd, 029166.900, 104
Trd, 029186.500, 108
Trd, 029186.650, 106
Trd, 029186.800, 103
Trd, 029190.200, 103
Trd, 029206.400, 96
Trd, 029218.450, 103
Trd, 029219.900, 102
Trd, 029221.000, 100
Trd, 029221.600, 106
Trd, 029226.100, 106
Trd, 029249.100, 102
Trd, 029249.400, 104
Trd, 029251.200, 105
Trd, 029254.300, 101
Trd, 029278.150, 101
Trd, 029280.350, 105
Trd, 029281.050, 105
Trd, 029284.350, 101
Trd, 029306.850, 112
Trd, 029315.050, 101
Trd, 029316.950, 89
Trd, 029337.550, 91
Trd, 029338.150, 100
Trd, 029339.200, 106
Trd, 029339.650, 97
Trd, 029356.200, 93
Trd, 029367.050, 96
Trd, 029368.000, 97
Trd, 029369.650, 97
Trd, 029372.000, 82
Trd, 029399.100, 97
Trd, 029401.900, 95
Trd, 029409.650, 90
Trd, 029413.550, 92
Trd, 029427.600, 95
Trd, 029429.550, 94
Trd, 029430.150, 92
Trd, 029433.300, 92
Trd, 029457.200, 95
Trd, 029458.350, 115
Trd, 029458.900, 111
Trd, 029460.750, 103
Trd, 029469.600, 93
Trd, 029487.250, 103
Trd, 029488.550, 111
Trd, 029491.200, 113
Trd, 029499.400, 103
Trd, 029517.600, 118
Trd, 029518.300, 115
Trd, 029519.750, 116
Trd, 029525.650, 102
Trd, 029533.100, 113
Trd, 029534.350, 92
Trd, 029547.650, 109
Trd, 029547.800, 103
Trd, 029548.400, 98
Trd, 029555.500, 96
Trd, 029562.550, 94
Trd, 029577.600, 94
Trd, 029578.200, 101
Trd, 029580.100, 107
Trd, 029582.750, 105
Trd, 029592.200, 111
Trd, 029608.250, 106
Trd, 029608.300, 104
Trd, 029608.900, 95
Trd, 029609.250, 98
Trd, 029615.150, 95
Trd, 029637.750, 95
Trd, 029639.650, 95
Trd, 029641.550, 105
Trd, 029644.500, 103
Trd, 029646.900, 101
Trd, 029668.150, 116
Trd, 029669.300, 101
Trd, 029671.250, 101
Trd, 029679.850, 104
Trd, 029698.800, 99
Trd, 029699.600, 94
Trd, 029700.800, 94
Trd, 029701.450, 105
Trd, 029702.450, 109
Trd, 029728.150, 98
Trd, 029728.300, 81
Trd, 029730.500, 96
Trd, 029733.850, 108
Trd, 029758.450, 108
Trd, 029758.950, 100
Trd, 029760.450, 99
Trd, 029763.400, 99
Trd, 029769.550, 108
Trd, 029788.350, 99
Trd, 029789.150, 98
Trd, 029790.100, 107
Trd, 029790.800, 104
Trd, 029818.200, 103
Trd, 029818.550, 115
Trd, 029820.850, 97
Trd, 029828.200, 83
Trd, 029849.300, 95
Trd, 029851.550, 92
Trd, 029852.450, 95
Trd, 029852.800, 90
Trd, 029878.400, 78
Trd, 029884.850, 104
Trd, 029885.150, 102
Trd, 029908.750, 51
Trd, 029908.850, 88
Trd, 029910.100, 98
Trd, 029912.050, 96
Trd, 029939.700, 84
Trd, 029940.100, 85
Trd, 029940.450, 85
Trd, 029941.100, 106
Trd, 029952.950, 92
Trd, 029968.800, 91
Trd, 029969.600, 101
Trd, 029969.800, 98
Trd, 029970.350, 93
Trd, 029979.850, 106
Trd, 029998.950, 64
Trd, 030002.200, 124
Trd, 030020.600, 108
Trd, 030030.300, 124
Trd, 030037.550, 124
Trd, 030044.850, 111
Trd, 030059.050, 97
Trd, 030059.500, 107
Trd, 030059.600, 101
Trd, 030060.500, 113
Trd, 030089.300, 103
Trd, 030092.300, 97
Trd, 030092.500, 100
Trd, 030099.550, 93
Trd, 030112.000, 105
Trd, 030119.800, 90
Trd, 030120.550, 93
Trd, 030120.800, 100
Trd, 030131.600, 99
Trd, 030149.600, 104
Trd, 030150.050, 106
Trd, 030152.450, 104
Trd, 030153.950, 113
Trd, 030154.000, 91
Trd, 030162.600, 97
Trd, 030179.450, 103
Trd, 030179.700, 70
Trd, 030182.500, 103
Trd, 030183.250, 98
Trd, 030202.500, 94
Trd, 030209.750, 121
Trd, 030209.850, 111
Trd, 030213.900, 91
Trd, 030214.450, 81
Trd, 030239.800, 88
Trd, 030240.200, 83
Trd, 030240.950, 88
Trd, 030242.700, 87
Trd, 030271.500, 87
Trd, 030271.700, 88
Trd, 030275.750, 85
Trd, 030276.650, 92
Trd, 030300.050, 112
Trd, 030300.500, 117
Trd, 030301.450, 106
Trd, 030301.600, 102
Trd, 030302.750, 104
Trd, 030330.150, 106
Trd, 030330.200, 102
Trd, 030331.150, 114
Trd, 030333.000, 110
Trd, 030334.050, 116
Trd, 030338.200, 93
Trd, 030360.600, 101
Trd, 030360.900, 101
Trd, 030361.250, 101
Trd, 030361.350, 105
Trd, 030363.800, 100
Trd, 030390.900, 103
Trd, 030392.600, 103
Trd, 030394.150, 99
Trd, 030397.950, 98
Trd, 030405.550, 105
Trd, 030420.500, 86
Trd, 030423.700, 114
Trd, 030428.700, 101
Trd, 030429.050, 108
Trd, 030434.250, 100
Trd, 030450.300, 105
Trd, 030450.800, 123
Trd, 030453.150, 106
Trd, 030462.050, 95
Trd, 030481.100, 94
Trd, 030486.300, 100
Trd, 030491.700, 100
Trd, 030502.400, 93
Trd, 030514.550, 94
Trd, 030516.250, 96
Trd, 030520.400, 96
Trd, 030530.800, 93
Trd, 030540.950, 95
Trd, 030544.300, 93
Trd, 030549.400, 92
Trd, 030554.150, 109
Trd, 030572.200, 100
Trd, 030572.300, 100
Trd, 030574.050, 95
Trd, 030581.050, 105
Trd, 030602.300, 97
Trd, 030602.450, 100
Trd, 030604.000, 95
Trd, 030616.050, 104
Trd, 030632.300, 101
Trd, 030633.050, 102
Trd, 030639.500, 101
Trd, 030644.550, 99
Trd, 030661.600, 96
Trd, 030664.200, 100
Trd, 030667.150, 97
Trd, 030680.100, 99
Trd, 030691.150, 61
Trd, 030694.250, 105
Trd, 030721.550, 136
Trd, 030722.150, 124
Trd, 030722.200, 102
Trd, 030730.800, 110
Trd, 030732.550, 110
Trd, 030751.650, 110
Trd, 030752.750, 110
Trd, 030755.500, 107
Trd, 030757.350, 105
Trd, 030759.450, 94
Trd, 030782.650, 103
Trd, 030783.350, 104
Trd, 030785.400, 99
Trd, 030796.150, 103
Trd, 030808.200, 97
Trd, 030811.600, 77
Trd, 030813.450, 143
Trd, 030821.050, 111
Trd, 030846.300, 128
Trd, 030847.600, 127
Trd, 030854.450, 102
Trd, 030859.650, 107
Trd, 030871.850, 107
Trd, 030872.200, 107
Trd, 030872.350, 105
Trd, 030872.550, 104
Trd, 030872.850, 72
Trd, 030901.950, 110
Trd, 030902.100, 103
Trd, 030903.500, 105
Trd, 030903.800, 104
Trd, 030904.600, 116
Trd, 030932.500, 107
Trd, 030932.950, 108
Trd, 030937.650, 106
Trd, 030943.450, 103
Trd, 030946.650, 102
Trd, 030962.250, 106
Trd, 030964.450, 106
Trd, 030969.750, 99
Trd, 030975.400, 106
Trd, 030994.700, 105
Trd, 030998.700, 104
Trd, 030999.200, 105
Trd, 031001.550, 101
Trd, 031006.050, 105
Trd, 031023.100, 102
Trd, 031023.450, 102
Trd, 031023.550, 103
Trd, 031023.750, 101
Trd, 031052.550, 105
Trd, 031054.400, 104
Trd, 031054.450, 104
Trd, 031055.400, 101
Trd, 031056.850, 93
Trd, 031082.600, 103
Trd, 031083.300, 88
Trd, 031083.850, 105
Trd, 031085.550, 97
Trd, 031093.300, 117
Trd, 031098.050, 92
Trd, 031112.900, 95
Trd, 031113.150, 94
Trd, 031116.900, 104
Trd, 031119.550, 103
Trd, 031139.350, 94
Trd, 031142.900, 98
Trd, 031143.800, 99
Trd, 031145.250, 102
Trd, 031145.900, 90
Trd, 031146.150, 105
Trd, 031147.500, 116
Trd, 031156.450, 80
Trd, 031173.100, 85
Trd, 031174.000, 70
Trd, 031174.400, 83
Trd, 031174.700, 109
Trd, 031175.200, 93
Trd, 031185.750, 97
Trd, 031203.600, 84
Trd, 031204.450, 83
Trd, 031204.500, 84
Trd, 031204.750, 107
Trd, 031206.200, 91
Trd, 031233.350, 54
Trd, 031233.450, 91
Trd, 031234.650, 116
Trd, 031235.400, 100
Trd, 031239.150, 95
Trd, 031263.350, 116
Trd, 031264.000, 115
Trd, 031264.750, 104
Trd, 031267.800, 92
Trd, 031268.700, 104
Trd, 031273.350, 112
Trd, 031294.400, 106
Trd, 031294.850, 106
Trd, 031295.500, 103
Trd, 031299.350, 105
Trd, 031303.900, 102
Trd, 031323.650, 100
Trd, 031324.200, 99
Trd, 031324.600, 99
Trd, 031334.550, 102
Trd, 031337.150, 105
Trd, 031353.650, 98
Trd, 031354.350, 98
Trd, 031355.950, 136
Trd, 031363.450, 123
Trd, 031374.300, 108
Trd, 031384.400, 105
Trd, 031384.500, 69
Trd, 031389.400, 91
Trd, 031397.600, 114
Trd, 031413.950, 109
Trd, 031414.000, 105
Trd, 031415.100, 106
Trd, 031442.600, 109
Trd, 031444.700, 97
Trd, 031446.000, 106
Trd, 031446.100, 105
Trd, 031447.450, 100
Trd, 031474.200, 124
Trd, 031474.500, 102
Trd, 031483.250, 108
Trd, 031505.650, 108
Trd, 031507.800, 107
Trd, 031509.800, 107
Trd, 031512.550, 108
Trd, 031534.300, 103
Trd, 031534.800, 106
Trd, 031535.150, 105
Trd, 031541.200, 106
Trd, 031548.550, 105
Trd, 031564.150, 104
Trd, 031565.900, 106
Trd, 031567.350, 104
Trd, 031573.950, 106
Trd, 031574.650, 103
Trd, 031577.900, 92
Trd, 031595.600, 101
Trd, 031596.250, 100
Trd, 031596.450, 105
Trd, 031601.250, 105
Trd, 031612.650, 100
Trd, 031624.400, 116
Trd, 031624.850, 96
Trd, 031624.900, 91
Trd, 031626.200, 105
Trd, 031626.950, 95
Trd, 031631.850, 108
Trd, 031654.400, 97
Trd, 031656.750, 115
Trd, 031660.500, 106
Trd, 031686.650, 129
Trd, 031688.250, 122
Trd, 031693.650, 104
Trd, 031715.700, 125
Trd, 031716.000, 103
Trd, 031716.550, 90
Trd, 031744.900, 120
Trd, 031745.950, 121
Trd, 031747.650, 98
Trd, 031750.000, 99
Trd, 031760.850, 99
Trd, 031775.200, 112
Trd, 031775.700, 100
Trd, 031776.950, 98
Trd, 031778.700, 103
Trd, 031782.500, 107
Trd, 031805.200, 106
Trd, 031806.550, 86
Trd, 031806.650, 103
Trd, 031808.150, 84
Trd, 031813.400, 106
Trd, 031835.000, 106
Trd, 031835.100, 82
Trd, 031836.950, 100
Trd, 031840.000, 96
Trd, 031840.950, 96
Trd, 031865.300, 106
Trd, 031865.950, 95
Trd, 031866.500, 96
Trd, 031869.250, 100
Trd, 031869.650, 99
Trd, 031895.600, 100
Trd, 031895.900, 55
Trd, 031896.050, 81
Trd, 031900.800, 75
Trd, 031907.800, 106
Trd, 031925.350, 104
Trd, 031925.500, 81
Trd, 031927.900, 79
Trd, 031956.900, 80
Trd, 031957.900, 81
Trd, 031960.600, 83
Trd, 031972.650, 79
Trd, 031986.450, 88
Trd, 031987.050, 87
Trd, 031987.600, 106
Trd, 031988.700, 90
Trd, 032015.550, 87
Trd, 032017.850, 88
Trd, 032018.250, 88
Trd, 032024.250, 86
Trd, 032045.750, 85
Trd, 032048.200, 84
Trd, 032051.800, 88
Trd, 032054.700, 120
Trd, 032075.950, 97
Trd, 032077.100, 102
Trd, 032082.750, 112
Trd, 032094.250, 111
Trd, 032106.050, 97
Trd, 032109.300, 140
Trd, 032110.100, 119
Trd, 032115.050, 125
Trd, 032136.250, 126
Trd, 032136.800, 117
Trd, 032137.200, 125
Trd, 032137.550, 101
Trd, 032166.300, 89
Trd, 032167.250, 108
Trd, 032169.800, 103
Trd, 032174.400, 105
Trd, 032196.450, 103
Trd, 032196.700, 106
Trd, 032198.500, 103
Trd, 032199.100, 106
Trd, 032199.550, 106
Trd, 032200.200, 91
Trd, 032226.500, 102
Trd, 032227.050, 98
Trd, 032231.100, 94
Trd, 032237.150, 107
Trd, 032253.100, 116
Trd, 032256.400, 60
Trd, 032259.050, 123
Trd, 032260.350, 115
Trd, 032286.500, 73
Trd, 032287.000, 106
Trd, 032287.050, 117
Trd, 032293.350, 114
Trd, 032316.750, 112
Trd, 032317.250, 112
Trd, 032322.950, 111
Trd, 032323.850, 99
Trd, 032347.450, 110
Trd, 032348.100, 108
Trd, 032349.400, 108
Trd, 032349.700, 104
Trd, 032375.900, 110
Trd, 032376.900, 96
Trd, 032377.250, 98
Trd, 032377.800, 99
Trd, 032378.900, 105
Trd, 032382.500, 99
Trd, 032406.800, 98
Trd, 032407.300, 97
Trd, 032409.600, 98
Trd, 032409.900, 119
Trd, 032410.250, 93
Trd, 032437.000, 52
Trd, 032438.500, 87
Trd, 032448.550, 102
Trd, 032453.700, 115
Trd, 032462.100, 115
Trd, 032467.800, 105
Trd, 032469.850, 105
Trd, 032470.050, 104
Trd, 032470.700, 115
Trd, 032497.250, 104
Trd, 032498.700, 105
Trd, 032499.000, 111
Trd, 032502.550, 104
Trd, 032524.500, 111
Trd, 032527.600, 104
Trd, 032531.900, 104
Trd, 032533.150, 107
Trd, 032549.100, 111
Trd, 032557.850, 93
Trd, 032558.600, 94
Trd, 032558.850, 59
Trd, 032561.700, 98
Trd, 032575.250, 98
Trd, 032587.950, 107
Trd, 032589.050, 97
Trd, 032589.500, 96
Trd, 032590.500, 95
Trd, 032597.150, 100
Trd, 032617.950, 79
Trd, 032618.300, 89
Trd, 032618.350, 72
Trd, 032618.800, 90
Trd, 032620.100, 99
Trd, 032644.950, 106
Trd, 032648.250, 96
Trd, 032648.300, 95
Trd, 032648.350, 98
Trd, 032649.550, 90
Trd, 032670.450, 95
Trd, 032677.850, 92
Trd, 032680.100, 112
Trd, 032680.150, 94
Trd, 032680.900, 96
Trd, 032684.500, 98
Trd, 032708.200, 61
Trd, 032708.550, 85
Trd, 032710.300, 85
Trd, 032715.850, 87
Trd, 032738.200, 89
Trd, 032738.900, 86
Trd, 032738.950, 85
Trd, 032742.450, 101
Trd, 032747.000, 104
Trd, 032768.300, 85
Trd, 032772.150, 100
Trd, 032777.700, 110
Trd, 032798.300, 68
Trd, 032798.400, 107
Trd, 032800.750, 95
Trd, 032800.950, 105
Trd, 032805.300, 105
Trd, 032828.400, 72
Trd, 032829.200, 89
Trd, 032829.650, 97
Trd, 032830.450, 92
Trd, 032858.550, 79
Trd, 032860.250, 97
Trd, 032861.550, 101
Trd, 032876.500, 101
Trd, 032889.050, 99
Trd, 032889.550, 98
Trd, 032890.250, 101
Trd, 032890.700, 93
Trd, 032891.400, 96
Trd, 032896.800, 105
Trd, 032919.050, 83
Trd, 032920.150, 98
Trd, 032927.950, 97
Trd, 032948.350, 72
Trd, 032948.900, 116
Trd, 032949.850, 119
Trd, 032978.850, 134
Trd, 032980.200, 132
Trd, 032981.800, 104
Trd, 032982.000, 119
Trd, 032991.100, 106
Trd, 033008.550, 124
Trd, 033009.150, 128
Trd, 033009.600, 104
Trd, 033011.200, 98
Trd, 033014.900, 108
Trd, 033038.450, 77
Trd, 033040.500, 144
Trd, 033042.400, 126
Trd, 033054.000, 119
Trd, 033069.300, 80
Trd, 033069.500, 102
Trd, 033069.750, 72
Trd, 033070.400, 95
Trd, 033072.250, 105
Trd, 033075.900, 96
Trd, 033098.800, 104
Trd, 033099.300, 99
Trd, 033099.600, 83
Trd, 033100.000, 84
Trd, 033105.250, 98
Trd, 033128.650, 78
Trd, 033129.450, 125
Trd, 033131.600, 116
Trd, 033158.900, 84
Trd, 033159.550, 121
Trd, 033160.200, 88
Trd, 033163.150, 98
Trd, 033174.450, 107
Trd, 033188.900, 111
Trd, 033189.350, 98
Trd, 033189.400, 95
Trd, 033191.900, 84
Trd, 033194.700, 108
Trd, 033218.950, 103
Trd, 033219.450, 90
Trd, 033222.000, 94
Trd, 033222.800, 98
Trd, 033249.300, 98
Trd, 033249.650, 92
Trd, 033253.300, 95
Trd, 033254.350, 94
Trd, 033266.700, 95
Trd, 033279.150, 92
Trd, 033279.550, 88
Trd, 033280.750, 84
Trd, 033281.150, 84
Trd, 033287.350, 115
Trd, 033309.000, 111
Trd, 033309.500, 97
Trd, 033309.800, 106
Trd, 033310.350, 94
Trd, 033339.150, 97
Trd, 033339.250, 88
Trd, 033339.700, 87
Trd, 033341.000, 97
Trd, 033350.600, 101
Trd, 033369.100, 95
Trd, 033369.400, 97
Trd, 033371.800, 97
Trd, 033374.700, 94
Trd, 033399.200, 112
Trd, 033399.700, 94
Trd, 033399.900, 106
Trd, 033400.900, 90
Trd, 033429.250, 91
Trd, 033431.900, 94
Trd, 033432.300, 89
Trd, 033459.600, 97
Trd, 033460.300, 101
Trd, 033461.100, 108
Trd, 033461.350, 107
Trd, 033466.100, 104
Trd, 033489.400, 104
Trd, 033490.450, 104
Trd, 033491.400, 102
Trd, 033496.000, 102
Trd, 033519.500, 72
Trd, 033520.150, 98
Trd, 033521.550, 94
Trd, 033549.300, 74
Trd, 033550.550, 101
Trd, 033551.600, 106
Trd, 033579.550, 98
Trd, 033579.650, 96
Trd, 033580.100, 99
Trd, 033580.300, 92
Trd, 033580.500, 91
Trd, 033609.900, 97
Trd, 033610.300, 96
Trd, 033611.200, 94
Trd, 033616.600, 96
Trd, 033617.650, 93
Trd, 033639.850, 94
Trd, 033640.000, 92
Trd, 033641.100, 92
Trd, 033644.950, 94
Trd, 033649.600, 95
Trd, 033669.800, 71
Trd, 033669.900, 72
Trd, 033670.150, 100
Trd, 033699.850, 106
Trd, 033700.950, 112
Trd, 033701.650, 102
Trd, 033705.700, 107
Trd, 033708.900, 106
Trd, 033729.800, 99
Trd, 033730.300, 103
Trd, 033730.750, 105
Trd, 033731.750, 100
Trd, 033734.050, 110
Trd, 033760.200, 87
Trd, 033760.400, 98
Trd, 033761.700, 104
Trd, 033761.800, 103
Trd, 033763.250, 102
Trd, 033789.750, 114
Trd, 033790.700, 99
Trd, 033791.000, 89
Trd, 033801.100, 87
Trd, 033821.500, 88
Trd, 033822.550, 94
Trd, 033823.000, 91
Trd, 033824.500, 105
Trd, 033824.700, 90
Trd, 033850.200, 92
Trd, 033851.950, 89
Trd, 033853.500, 92
Trd, 033853.650, 89
Trd, 033880.100, 83
Trd, 033880.650, 86
Trd, 033881.800, 86
Trd, 033883.950, 88
Trd, 033884.350, 101
Trd, 033910.800, 90
Trd, 033911.000, 86
Trd, 033911.400, 85
Trd, 033912.800, 90
Trd, 033940.650, 85
Trd, 033941.900, 90
Trd, 033945.700, 87
Trd, 033946.250, 80
Trd, 033970.350, 96
Trd, 033970.600, 85
Trd, 033971.150, 89
Trd, 033971.400, 86
Trd, 033971.550, 105
Trd, 034000.200, 91
Trd, 034001.400, 93
Trd, 034002.150, 87
Trd, 034002.900, 95
Trd, 034005.800, 97
Trd, 034030.750, 91
Trd, 034031.400, 95
Trd, 034033.450, 101
Trd, 034036.500, 102
Trd, 034060.300, 111
Trd, 034060.850, 123
Trd, 034061.750, 104
Trd, 034062.800, 90
Trd, 034064.600, 122
Trd, 034069.150, 104
Trd, 034090.550, 95
Trd, 034090.700, 67
Trd, 034091.200, 93
Trd, 034092.300, 88
Trd, 034120.600, 96
Trd, 034121.950, 93
Trd, 034122.100, 98
Trd, 034122.800, 94
Trd, 034123.900, 95
Trd, 034150.450, 92
Trd, 034152.600, 95
Trd, 034163.650, 103
Trd, 034173.800, 108
Trd, 034180.350, 104
Trd, 034180.800, 103
Trd, 034181.550, 71
Trd, 034184.900, 93
Trd, 034187.000, 88
Trd, 034210.850, 105
Trd, 034211.350, 93
Trd, 034211.450, 86
Trd, 034222.300, 90
Trd, 034240.700, 93
Trd, 034241.950, 67
Trd, 034244.100, 83
Trd, 034248.650, 102
Trd, 034249.150, 95
Trd, 034270.700, 94
Trd, 034271.000, 100
Trd, 034271.800, 94
Trd, 034271.900, 93
Trd, 034272.950, 105
Trd, 034277.300, 117
Trd, 034300.800, 89
Trd, 034300.900, 71
Trd, 034301.200, 86
Trd, 034305.600, 95
Trd, 034319.750, 88
Trd, 034331.150, 88
Trd, 034331.350, 98
Trd, 034331.750, 91
Trd, 034334.300, 89
Trd, 034338.800, 94
Trd, 034361.500, 90
Trd, 034361.550, 93
Trd, 034363.500, 101
Trd, 034366.800, 98
Trd, 034382.650, 96
Trd, 034391.000, 93
Trd, 034391.850, 97
Trd, 034394.450, 97
Trd, 034401.000, 94
Trd, 034403.600, 94
Trd, 034423.300, 96
Trd, 034423.650, 93
Trd, 034425.350, 97
Trd, 034427.750, 92
Trd, 034450.900, 119
Trd, 034452.350, 81
Trd, 034453.700, 80
Trd, 034476.200, 100
Trd, 034485.650, 95
Trd, 034485.750, 99
Trd, 034485.900, 99
Trd, 034491.900, 94
Trd, 034510.950, 106
Trd, 034511.450, 82
Trd, 034512.850, 89
Trd, 034516.550, 89
Trd, 034528.200, 88
Trd, 034541.600, 86
Trd, 034544.250, 87
Trd, 034545.850, 89
Trd, 034548.100, 87
Trd, 034571.150, 114
Trd, 034571.200, 101
Trd, 034571.550, 110
Trd, 034575.450, 99
Trd, 034576.750, 106
Trd, 034602.000, 101
Trd, 034602.300, 101
Trd, 034603.800, 107
Trd, 034605.000, 99
Trd, 034609.400, 92
Trd, 034620.150, 105
Trd, 034631.450, 103
Trd, 034632.000, 91
Trd, 034632.050, 102
Trd, 034636.550, 105
Trd, 034636.600, 98
Trd, 034636.700, 112
Trd, 034661.450, 97
Trd, 034663.100, 99
Trd, 034667.050, 104
Trd, 034668.800, 98
Trd, 034680.700, 104
Trd, 034691.300, 88
Trd, 034692.200, 104
Trd, 034692.550, 98
Trd, 034693.700, 104
Trd, 034695.600, 98
Trd, 034722.050, 99
Trd, 034723.750, 101
Trd, 034723.950, 99
Trd, 034749.000, 97
Trd, 034751.450, 96
Trd, 034751.900, 100
Trd, 034753.100, 100
Trd, 034759.450, 96
Trd, 034760.250, 95
Trd, 034782.250, 94
Trd, 034782.450, 93
Trd, 034782.950, 99
Trd, 034784.850, 105
Trd, 034785.000, 94
Trd, 034812.700, 96
Trd, 034813.500, 95
Trd, 034819.000, 94
Trd, 034820.700, 95
Trd, 034842.650, 93
Trd, 034843.250, 95
Trd, 034844.150, 93
Trd, 034854.700, 95
Trd, 034871.500, 59
Trd, 034872.400, 105
Trd, 034872.500, 103
Trd, 034876.350, 98
Trd, 034891.200, 95
Trd, 034902.000, 93
Trd, 034902.950, 93
Trd, 034908.450, 97
Trd, 034914.100, 97
Trd, 034931.700, 105
Trd, 034938.800, 96
Trd, 034939.750, 93
Trd, 034944.300, 93
Trd, 034961.850, 94
Trd, 034963.500, 95
Trd, 034965.050, 92
Trd, 034970.750, 106
Trd, 034971.750, 91
Trd, 034992.150, 52
Trd, 034993.000, 97
Trd, 034996.000, 88
Trd, 035023.550, 99
Trd, 035024.600, 93
Trd, 035024.750, 98
Trd, 035048.900, 92
Trd, 035054.050, 91
Trd, 035054.250, 95
Trd, 035054.400, 95
Trd, 035071.750, 90
Trd, 035082.200, 82
Trd, 035082.950, 87
Trd, 035083.450, 87
Trd, 035087.250, 90
Trd, 035100.050, 98
Trd, 035101.950, 105
Trd, 035112.150, 96
Trd, 035112.300, 106
Trd, 035112.900, 100
Trd, 035117.450, 97
Trd, 035119.250, 99
Trd, 035142.050, 99
Trd, 035142.800, 98
Trd, 035150.100, 99
Trd, 035151.500, 106
Trd, 035153.150, 95
Trd, 035172.250, 95
Trd, 035172.850, 106
Trd, 035173.450, 102
Trd, 035174.500, 98
Trd, 035197.600, 96
Trd, 035202.750, 99
Trd, 035203.250, 97
Trd, 035207.100, 99
Trd, 035207.150, 96
Trd, 035210.450, 97
Trd, 035232.600, 96
Trd, 035233.050, 99
Trd, 035235.550, 96
Trd, 035239.550, 99
Trd, 035250.500, 95
Trd, 035263.000, 105
Trd, 035263.400, 95
Trd, 035263.900, 101
Trd, 035265.150, 100
Trd, 035271.750, 98
Trd, 035293.050, 97
Trd, 035294.100, 100
Trd, 035294.450, 100
Trd, 035303.600, 96
Trd, 035322.750, 100
Trd, 035324.250, 95
Trd, 035328.950, 96
Trd, 035329.000, 99
