Trd, 000030.060, 131.0
Trd, 000030.100, 147.0
Trd, 000030.290, 158
Trd, 000030.490, 157
Trd, 000030.520, 150
Trd, 000031.930, 159.0
Trd, 000032.290, 155
Trd, 000032.820, 158
Trd, 000033.850, 158
Trd, 000035.400, 159
Trd, 000040.110, 150
Trd, 000048.710, 154
Trd, 000060.220, 154
Trd, 000060.230, 148.0
Trd, 000060.520, 146
Trd, 000060.630, 155
Trd, 000061.190, 149
Trd, 000061.400, 147
Trd, 000061.750, 148
Trd, 000061.810, 154
Trd, 000062.100, 150
Trd, 000062.140, 156
Trd, 000062.240, 157
Trd, 000068.340, 160.0
Trd, 000069.940, 151
Trd, 000071.710, 161.0
Trd, 000074.930, 164.0
Trd, 000090.130, 148.0
Trd, 000090.230, 147.0
Trd, 000090.390, 150
Trd, 000090.430, 159
Trd, 000090.940, 145.0
Trd, 000091.380, 148
Trd, 000091.780, 150
Trd, 000093.060, 146
Trd, 000093.120, 151
Trd, 000093.330, 152
Trd, 000097.260, 158
Trd, 000098.270, 160.0
Trd, 000100.620, 155
Trd, 000104.300, 155
Trd, 000120.120, 158
Trd, 000120.320, 141.0
Trd, 000120.630, 145.0
Trd, 000120.730, 147.0
Trd, 000120.790, 160
Trd, 000121.580, 147
Trd, 000122.440, 150
Trd, 000122.850, 148
Trd, 000125.400, 154
Trd, 000132.410, 148
Trd, 000140.330, 158
Trd, 000150.170, 145
Trd, 000150.300, 147.0
Trd, 000150.490, 145
Trd, 000150.500, 147
Trd, 000150.630, 152
Trd, 000150.810, 152
Trd, 000150.960, 153
Trd, 000151.110, 159
Trd, 000152.820, 148.0
Trd, 000154.930, 156
Trd, 000155.570, 158
Trd, 000160.020, 160.0
Trd, 000160.280, 161.0
Trd, 000161.510, 156
Trd, 000162.610, 157
Trd, 000180.360, 160
Trd, 000180.800, 160.0
Trd, 000180.850, 160
Trd, 000180.910, 154
Trd, 000180.940, 154
Trd, 000181.180, 161.0
Trd, 000181.560, 152
Trd, 000182.280, 152
Trd, 000182.580, 159.0
Trd, 000185.660, 164.0
Trd, 000186.070, 165.0
Trd, 000186.770, 157
Trd, 000189.340, 156
Trd, 000203.220, 149
Trd, 000210.240, 156
Trd, 000210.520, 157
Trd, 000210.610, 159
Trd, 000210.930, 154
Trd, 000210.980, 153
Trd, 000211.010, 152
Trd, 000211.160, 152
Trd, 000211.170, 157
Trd, 000211.650, 160.0
Trd, 000212.150, 161.0
Trd, 000213.480, 159.0
Trd, 000215.730, 158
Trd, 000216.040, 162
Trd, 000240.130, 164.0
Trd, 000240.250, 141.0
Trd, 000240.340, 148
Trd, 000240.460, 145.0
Trd, 000240.720, 156
Trd, 000240.790, 152
Trd, 000240.930, 162
Trd, 000241.160, 150
Trd, 000242.750, 155
Trd, 000243.390, 153
Trd, 000243.410, 155
Trd, 000247.020, 160.0
Trd, 000253.430, 152
Trd, 000258.660, 151
Trd, 000270.360, 141.0
Trd, 000270.550, 145.0
Trd, 000270.750, 136.0
Trd, 000271.340, 147.0
Trd, 000271.900, 156
Trd, 000272.320, 160.0
Trd, 000273.330, 161.0
Trd, 000277.040, 159
Trd, 000284.560, 160
Trd, 000285.770, 160
Trd, 000300.310, 141.0
Trd, 000300.370, 147.0
Trd, 000300.520, 160
Trd, 000300.690, 147
Trd, 000300.870, 155
Trd, 000301.470, 151
Trd, 000301.640, 149
Trd, 000301.650, 153
Trd, 000301.990, 154
Trd, 000304.470, 154
Trd, 000304.490, 159
Trd, 000309.640, 160.0
Trd, 000330.210, 145.0
Trd, 000330.590, 160.0
Trd, 000330.930, 159.0
Trd, 000331.040, 151
Trd, 000331.080, 161.0
Trd, 000331.380, 164.0
Trd, 000331.470, 151
Trd, 000332.940, 159
Trd, 000333.550, 158
Trd, 000333.600, 159
Trd, 000341.200, 153
Trd, 000343.800, 153
Trd, 000351.030, 150
Trd, 000360.410, 146
Trd, 000360.640, 148
Trd, 000360.740, 151
Trd, 000360.750, 153
Trd, 000360.800, 148.0
Trd, 000361.230, 148
Trd, 000361.270, 150
Trd, 000361.290, 147
Trd, 000361.520, 154
Trd, 000362.720, 155
Trd, 000366.340, 156
Trd, 000369.000, 157
Trd, 000374.280, 151
Trd, 000374.920, 159
Trd, 000390.510, 165.0
Trd, 000390.600, 171.0
Trd, 000391.120, 159.0
Trd, 000391.520, 159
Trd, 000391.990, 157
Trd, 000392.180, 157
Trd, 000393.340, 158
Trd, 000393.490, 157
Trd, 000397.730, 156
Trd, 000400.120, 155
Trd, 000401.100, 153
Trd, 000409.460, 154
Trd, 000411.330, 157
Trd, 000411.530, 160.0
Trd, 000413.220, 148.0
Trd, 000420.320, 147.0
Trd, 000420.470, 160.0
Trd, 000420.640, 151
Trd, 000421.000, 161.0
Trd, 000421.030, 155
Trd, 000421.640, 165.0
Trd, 000421.810, 156
Trd, 000422.250, 164
Trd, 000423.070, 171.0
Trd, 000427.660, 181
Trd, 000428.870, 164
Trd, 000429.170, 162
Trd, 000438.000, 159.0
Trd, 000450.270, 153
Trd, 000450.550, 148
Trd, 000451.000, 147.0
Trd, 000451.110, 147
Trd, 000451.550, 148
Trd, 000451.590, 150
Trd, 000451.630, 154
Trd, 000451.820, 155
Trd, 000452.970, 148
Trd, 000454.060, 156
Trd, 000459.550, 157
Trd, 000466.000, 160.0
Trd, 000472.630, 154
Trd, 000480.800, 159
Trd, 000480.830, 159
Trd, 000480.860, 159
Trd, 000480.960, 152
Trd, 000481.130, 152
Trd, 000481.640, 151
Trd, 000482.090, 159
Trd, 000482.490, 160.0
Trd, 000483.470, 151
Trd, 000483.730, 150
Trd, 000484.610, 161.0
Trd, 000490.480, 158
Trd, 000510.390, 131.0
Trd, 000510.850, 149
Trd, 000510.940, 157
Trd, 000511.080, 157
Trd, 000511.340, 157
Trd, 000511.380, 148
Trd, 000511.770, 157
Trd, 000512.630, 154
Trd, 000512.860, 149
Trd, 000513.830, 149
Trd, 000514.840, 148
Trd, 000522.740, 157
Trd, 000526.130, 160.0
Trd, 000529.130, 160
Trd, 000537.590, 161.0
Trd, 000540.360, 160
Trd, 000540.530, 145.0
Trd, 000540.670, 147.0
Trd, 000541.430, 150
Trd, 000541.830, 160.0
Trd, 000542.480, 161.0
Trd, 000542.610, 149
Trd, 000542.620, 164.0
Trd, 000542.920, 165.0
Trd, 000547.380, 171.0
Trd, 000548.220, 169
Trd, 000557.420, 161
Trd, 000569.790, 158
Trd, 000570.470, 162
Trd, 000570.630, 163
Trd, 000570.860, 157
Trd, 000570.930, 164.0
Trd, 000571.290, 157
Trd, 000571.310, 156
Trd, 000571.660, 160.0
Trd, 000572.340, 159
Trd, 000572.370, 155
Trd, 000573.680, 158
Trd, 000573.960, 158
Trd, 000576.460, 159
Trd, 000581.070, 153
Trd, 000600.540, 153
Trd, 000600.640, 158
Trd, 000600.660, 152
Trd, 000600.870, 151
Trd, 000600.980, 157
Trd, 000601.250, 155
Trd, 000601.340, 150
Trd, 000601.390, 149
Trd, 000601.540, 154
Trd, 000603.560, 153
Trd, 000603.790, 154
Trd, 000612.510, 160.0
Trd, 000613.160, 161.0
Trd, 000630.480, 145.0
Trd, 000630.590, 131.0
Trd, 000630.750, 157
Trd, 000630.900, 159
Trd, 000631.370, 155
Trd, 000631.490, 149
Trd, 000633.040, 153
Trd, 000633.430, 151
Trd, 000634.610, 154
Trd, 000638.390, 152
Trd, 000638.760, 157
Trd, 000653.090, 160.0
Trd, 000654.260, 156
Trd, 000660.450, 159
Trd, 000660.870, 159.0
Trd, 000661.190, 158
Trd, 000661.330, 156
Trd, 000661.590, 158
Trd, 000661.820, 154
Trd, 000664.280, 159
Trd, 000665.320, 153
Trd, 000667.380, 160.0
Trd, 000669.180, 161.0
Trd, 000672.910, 152
Trd, 000673.180, 151
Trd, 000675.920, 154
Trd, 000690.680, 158
Trd, 000690.690, 151
Trd, 000691.150, 150
Trd, 000691.270, 150
Trd, 000691.290, 155
Trd, 000691.460, 156
Trd, 000691.640, 150
Trd, 000691.650, 156
Trd, 000692.230, 148.0
Trd, 000695.100, 152
Trd, 000697.080, 153
Trd, 000698.470, 156
Trd, 000713.920, 160.0
Trd, 000721.000, 145.0
Trd, 000721.040, 144
Trd, 000721.120, 147.0
Trd, 000721.590, 149
Trd, 000721.890, 148
Trd, 000722.620, 152
Trd, 000722.740, 156
Trd, 000722.920, 158
Trd, 000724.880, 152
Trd, 000726.870, 151
Trd, 000736.590, 160.0
Trd, 000737.940, 152
Trd, 000748.810, 159
Trd, 000750.660, 151
Trd, 000751.270, 157
Trd, 000751.350, 157
Trd, 000751.880, 151
Trd, 000752.000, 150
Trd, 000752.130, 150
Trd, 000752.690, 152
Trd, 000753.070, 157
Trd, 000753.080, 157
Trd, 000753.580, 157
Trd, 000754.160, 155
Trd, 000763.040, 160.0
Trd, 000772.740, 152
Trd, 000780.550, 141.0
Trd, 000780.610, 158
Trd, 000780.770, 148
Trd, 000780.960, 164.0
Trd, 000781.270, 159.0
Trd, 000781.400, 155
Trd, 000781.460, 148.0
Trd, 000781.830, 160.0
Trd, 000782.010, 155
Trd, 000787.140, 161.0
Trd, 000793.910, 155
Trd, 000795.720, 159
Trd, 000796.220, 160
Trd, 000811.060, 153
Trd, 000811.190, 153
Trd, 000811.640, 158
Trd, 000811.870, 153
Trd, 000812.300, 156
Trd, 000812.440, 157
Trd, 000812.580, 157
Trd, 000813.350, 157
Trd, 000814.730, 153
Trd, 000815.430, 156
Trd, 000816.150, 160.0
Trd, 000818.630, 155
Trd, 000824.300, 161.0
Trd, 000825.630, 150
Trd, 000840.570, 158
Trd, 000840.700, 165
Trd, 000840.710, 154
Trd, 000841.040, 160.0
Trd, 000841.090, 159.0
Trd, 000841.230, 159
Trd, 000843.420, 160
Trd, 000843.940, 159
Trd, 000844.210, 160
Trd, 000844.880, 159
Trd, 000845.060, 160
Trd, 000847.970, 161.0
Trd, 000851.370, 158
Trd, 000851.750, 153
Trd, 000870.730, 158
Trd, 000871.360, 156
Trd, 000871.880, 160
Trd, 000872.060, 156
Trd, 000872.200, 155
Trd, 000872.250, 160
Trd, 000873.010, 155
Trd, 000873.200, 158
Trd, 000873.800, 148.0
Trd, 000875.950, 156
Trd, 000881.750, 158
Trd, 000886.040, 157
Trd, 000886.530, 160.0
Trd, 000900.780, 157
Trd, 000900.960, 158
Trd, 000901.200, 160
Trd, 000901.620, 157
Trd, 000902.030, 155
Trd, 000903.780, 156
Trd, 000904.170, 159
Trd, 000905.350, 160.0
Trd, 000906.210, 155
Trd, 000909.780, 158
Trd, 000914.470, 160
Trd, 000921.790, 153
Trd, 000923.270, 148.0
Trd, 000924.820, 157
Trd, 000930.750, 160.0
Trd, 000931.110, 154
Trd, 000931.120, 134
Trd, 000931.340, 158
Trd, 000932.140, 141.0
Trd, 000932.150, 145.0
Trd, 000932.570, 145
Trd, 000932.940, 147
Trd, 000933.040, 152
Trd, 000933.230, 155
Trd, 000935.030, 149
Trd, 000939.600, 159
Trd, 000947.390, 161.0
Trd, 000960.940, 147.0
Trd, 000961.040, 145.0
Trd, 000961.160, 146
Trd, 000961.260, 147
Trd, 000961.370, 152
Trd, 000961.740, 146
Trd, 000961.750, 154
Trd, 000962.750, 151
Trd, 000963.360, 154
Trd, 000964.130, 157
Trd, 000964.340, 158
Trd, 000965.760, 160.0
Trd, 000966.540, 154
Trd, 000969.910, 161.0
Trd, 000970.680, 148.0
Trd, 000990.760, 197.0
Trd, 000990.840, 180
Trd, 000990.860, 154
Trd, 000991.080, 143
Trd, 000991.180, 159
Trd, 000991.460, 131.0
Trd, 000991.570, 141.0
Trd, 000992.010, 148
Trd, 000992.080, 150
Trd, 000992.950, 153
Trd, 000993.700, 148.0
Trd, 000998.460, 149
Trd, 000999.590, 153
Trd, 001014.140, 153
Trd, 001017.090, 148
Trd, 001020.790, 149
Trd, 001020.920, 157
Trd, 001021.340, 149
Trd, 001021.510, 148
Trd, 001021.730, 155
Trd, 001022.400, 155
Trd, 001023.200, 148.0
Trd, 001023.240, 156
Trd, 001023.450, 156
Trd, 001028.190, 156
Trd, 001029.040, 160.0
Trd, 001030.710, 161.0
Trd, 001032.840, 164.0
Trd, 001050.550, 149
Trd, 001050.990, 148
Trd, 001051.110, 147.0
Trd, 001051.180, 141.0
Trd, 001051.530, 146
Trd, 001051.590, 150
Trd, 001051.920, 155
Trd, 001052.280, 154
Trd, 001052.350, 160.0
Trd, 001052.840, 144
Trd, 001057.870, 155
Trd, 001060.120, 158
Trd, 001060.130, 144
Trd, 001062.610, 161.0
Trd, 001080.880, 154
Trd, 001081.270, 145
Trd, 001081.520, 141.0
Trd, 001081.630, 145
Trd, 001081.680, 145.0
Trd, 001081.920, 147.0
Trd, 001082.090, 150
Trd, 001083.650, 153
Trd, 001085.420, 146
Trd, 001086.020, 155
Trd, 001088.600, 158
Trd, 001101.220, 150
Trd, 001108.180, 151
Trd, 001110.750, 161
Trd, 001110.890, 164.0
Trd, 001111.210, 162
Trd, 001111.270, 163
Trd, 001111.470, 159.0
Trd, 001111.500, 165.0
Trd, 001111.640, 171.0
Trd, 001111.830, 165
Trd, 001112.330, 153
Trd, 001112.370, 159
Trd, 001118.470, 158
Trd, 001124.950, 159
Trd, 001128.330, 158
Trd, 001131.700, 148.0
Trd, 001134.150, 151
Trd, 001140.890, 178
Trd, 001141.140, 160
Trd, 001141.540, 155
Trd, 001141.620, 152
Trd, 001141.970, 156
Trd, 001142.150, 154
Trd, 001142.220, 150
Trd, 001142.230, 157
Trd, 001144.690, 155
Trd, 001145.160, 154
Trd, 001150.460, 157
Trd, 001151.430, 161
Trd, 001160.940, 159
Trd, 001163.020, 152
Trd, 001170.750, 145.0
Trd, 001170.810, 137
Trd, 001171.050, 146
Trd, 001171.210, 147.0
Trd, 001171.280, 161.0
Trd, 001172.250, 164.0
Trd, 001173.230, 165.0
Trd, 001174.590, 162
Trd, 001174.840, 165
Trd, 001180.700, 160.0
Trd, 001181.830, 159.0
Trd, 001184.610, 157
Trd, 001187.050, 154
Trd, 001189.890, 156
Trd, 001200.880, 153
Trd, 001201.110, 156
Trd, 001201.400, 151
Trd, 001201.560, 151
Trd, 001201.700, 151
Trd, 001202.090, 150
Trd, 001202.170, 155
Trd, 001202.500, 155
Trd, 001203.100, 154
Trd, 001203.380, 154
Trd, 001205.230, 157
Trd, 001208.010, 160.0
Trd, 001215.480, 161.0
Trd, 001226.190, 148.0
Trd, 001231.110, 159.0
Trd, 001231.170, 155
Trd, 001231.180, 148.0
Trd, 001231.500, 145.0
Trd, 001231.560, 151
Trd, 001232.200, 150
Trd, 001232.930, 151
Trd, 001233.130, 151
Trd, 001233.140, 154
Trd, 001238.320, 157
Trd, 001253.620, 153
Trd, 001260.870, 141.0
Trd, 001260.940, 164.0
Trd, 001261.150, 148.0
Trd, 001261.160, 160
Trd, 001261.430, 145.0
Trd, 001261.820, 154
Trd, 001262.550, 149
Trd, 001262.650, 154
Trd, 001262.660, 146
Trd, 001263.650, 152
Trd, 001264.290, 153
Trd, 001264.660, 157
Trd, 001265.970, 158
Trd, 001290.900, 147.0
Trd, 001291.020, 147
Trd, 001291.040, 142
Trd, 001291.310, 154
Trd, 001291.820, 158
Trd, 001292.250, 148.0
Trd, 001292.870, 154
Trd, 001295.660, 153
Trd, 001297.420, 152
Trd, 001298.470, 152
Trd, 001305.420, 153
Trd, 001310.870, 154
Trd, 001316.860, 160.0
Trd, 001321.220, 141.0
Trd, 001321.330, 145
Trd, 001321.470, 145.0
Trd, 001321.670, 147.0
Trd, 001321.760, 151
Trd, 001322.710, 151
Trd, 001323.000, 150
Trd, 001323.230, 152
Trd, 001323.410, 154
Trd, 001335.160, 157
Trd, 001337.810, 160.0
Trd, 001351.060, 158
Trd, 001351.420, 152
Trd, 001351.620, 152
Trd, 001351.980, 157
Trd, 001352.720, 156
Trd, 001353.050, 156
Trd, 001353.140, 151
Trd, 001353.580, 157
Trd, 001353.640, 150
Trd, 001354.210, 158
Trd, 001357.960, 151
Trd, 001358.340, 158
Trd, 001358.490, 160.0
Trd, 001364.370, 151
Trd, 001371.300, 161.0
Trd, 001381.030, 160
Trd, 001381.340, 159.0
Trd, 001381.450, 158
Trd, 001381.520, 160
Trd, 001381.810, 160.0
Trd, 001382.110, 156
Trd, 001382.220, 161
Trd, 001382.370, 155
Trd, 001382.540, 151
Trd, 001383.290, 158
Trd, 001387.140, 157
Trd, 001407.920, 158
Trd, 001411.030, 157
Trd, 001411.270, 154
Trd, 001411.650, 157
Trd, 001412.040, 156
Trd, 001412.160, 158
Trd, 001412.580, 153
Trd, 001412.640, 153
Trd, 001412.690, 152
Trd, 001413.490, 159
Trd, 001414.170, 159
Trd, 001415.690, 160.0
Trd, 001416.680, 161.0
Trd, 001416.780, 164.0
Trd, 001421.340, 148.0
Trd, 001441.320, 147.0
Trd, 001441.360, 145.0
Trd, 001441.500, 150
Trd, 001441.600, 147
Trd, 001442.570, 151
Trd, 001442.680, 152
Trd, 001443.340, 154
Trd, 001443.420, 148.0
Trd, 001443.930, 160
Trd, 001444.520, 159
Trd, 001449.220, 159
Trd, 001465.850, 152
Trd, 001471.460, 154
Trd, 001471.550, 152
Trd, 001471.610, 155
Trd, 001471.660, 151
Trd, 001471.670, 157
Trd, 001472.050, 157
Trd, 001472.540, 156
Trd, 001472.720, 151
Trd, 001473.190, 155
Trd, 001473.630, 156
Trd, 001474.100, 158
Trd, 001474.640, 157
Trd, 001495.830, 154
Trd, 001501.150, 182
Trd, 001501.330, 159.0
Trd, 001501.390, 151
Trd, 001502.380, 150
Trd, 001502.810, 150
Trd, 001503.780, 158
Trd, 001504.000, 160.0
Trd, 001504.070, 161
Trd, 001505.930, 152
Trd, 001509.680, 151
Trd, 001518.210, 152
Trd, 001524.470, 149
Trd, 001531.050, 148
Trd, 001531.120, 148
Trd, 001531.230, 174
Trd, 001531.390, 148.0
Trd, 001531.410, 159
Trd, 001531.610, 156
Trd, 001531.650, 159
Trd, 001531.660, 161.0
Trd, 001532.600, 159.0
Trd, 001533.920, 157
Trd, 001534.420, 157
Trd, 001535.030, 156
Trd, 001535.290, 153
Trd, 001536.280, 141
Trd, 001547.680, 160.0
Trd, 001561.120, 141.0
Trd, 001561.140, 145.0
Trd, 001561.310, 154
Trd, 001561.500, 145
Trd, 001561.760, 145
Trd, 001561.880, 160
Trd, 001562.370, 147.0
Trd, 001562.950, 144
Trd, 001563.690, 156
Trd, 001563.860, 160.0
Trd, 001564.130, 158
Trd, 001570.370, 143
Trd, 001576.700, 154
Trd, 001589.460, 161.0
Trd, 001591.180, 142
Trd, 001591.220, 145.0
Trd, 001591.240, 164
Trd, 001591.370, 160
Trd, 001591.420, 145
Trd, 001592.650, 160
Trd, 001592.690, 160
Trd, 001593.030, 159.0
Trd, 001593.350, 152
Trd, 001595.280, 160
Trd, 001596.280, 158
Trd, 001598.580, 157
Trd, 001605.200, 155
Trd, 001621.090, 148.0
Trd, 001621.170, 159.0
Trd, 001621.800, 158
Trd, 001622.040, 160
Trd, 001623.120, 158
Trd, 001623.930, 155
Trd, 001624.020, 155
Trd, 001624.380, 156
Trd, 001625.350, 153
Trd, 001626.130, 156
Trd, 001626.170, 153
Trd, 001626.590, 157
Trd, 001629.310, 156
Trd, 001651.110, 151
Trd, 001651.260, 153
Trd, 001651.430, 152
Trd, 001651.600, 160.0
Trd, 001652.040, 162
Trd, 001652.160, 153
Trd, 001652.430, 147.0
Trd, 001652.940, 164.0
Trd, 001655.790, 165.0
Trd, 001659.410, 159.0
Trd, 001663.340, 158
Trd, 001678.700, 161
Trd, 001679.820, 167
Trd, 001681.640, 160
Trd, 001681.650, 159.0
Trd, 001681.970, 158
Trd, 001682.020, 161
Trd, 001682.100, 157
Trd, 001683.600, 161
Trd, 001684.110, 161
Trd, 001685.550, 158
Trd, 001685.920, 160.0
Trd, 001686.440, 160
Trd, 001688.970, 161
Trd, 001699.060, 156
Trd, 001711.270, 147.0
Trd, 001711.670, 153
Trd, 001711.770, 157
Trd, 001711.910, 159.0
Trd, 001712.170, 153
Trd, 001712.220, 158
Trd, 001712.620, 152
Trd, 001712.710, 156
Trd, 001712.990, 160.0
Trd, 001713.640, 151
Trd, 001721.920, 161.0
Trd, 001724.390, 151
Trd, 001730.280, 160
Trd, 001738.540, 148.0
Trd, 001741.200, 148.0
Trd, 001741.300, 131.0
Trd, 001741.320, 156
Trd, 001741.820, 159
Trd, 001742.510, 147.0
Trd, 001742.780, 151
Trd, 001742.800, 152
Trd, 001743.510, 157
Trd, 001744.190, 158
Trd, 001745.080, 154
Trd, 001755.480, 155
Trd, 001761.810, 160.0
Trd, 001767.310, 154
Trd, 001771.170, 159.0
Trd, 001771.580, 145.0
Trd, 001771.660, 148.0
Trd, 001771.910, 160.0
Trd, 001772.680, 159
Trd, 001773.000, 150
Trd, 001773.350, 157
Trd, 001773.710, 150
Trd, 001775.260, 156
Trd, 001778.210, 151
Trd, 001780.610, 156
Trd, 001783.670, 157
Trd, 001790.490, 161.0
Trd, 001801.440, 147.0
Trd, 001801.570, 159
Trd, 001801.630, 161.0
Trd, 001801.690, 149
Trd, 001801.900, 136.0
Trd, 001802.060, 155
Trd, 001802.800, 148.0
Trd, 001803.470, 155
Trd, 001803.560, 156
Trd, 001805.840, 154
Trd, 001806.720, 155
Trd, 001812.130, 149
Trd, 001821.860, 156
Trd, 001831.290, 157
Trd, 001831.400, 148.0
Trd, 001831.420, 178
Trd, 001831.800, 149
Trd, 001831.840, 148
Trd, 001832.070, 145.0
Trd, 001832.230, 146
Trd, 001833.140, 145
Trd, 001834.140, 155
Trd, 001834.780, 155
Trd, 001836.820, 154
Trd, 001839.980, 154
Trd, 001844.790, 153
Trd, 001851.410, 152
Trd, 001852.530, 157
Trd, 001861.240, 141.0
Trd, 001861.290, 179
Trd, 001861.480, 178
Trd, 001861.510, 159
Trd, 001862.360, 160
Trd, 001862.870, 160.0
Trd, 001863.970, 159.0
Trd, 001864.670, 156
Trd, 001865.220, 164.0
Trd, 001871.830, 165.0
Trd, 001873.140, 162
Trd, 001874.930, 156
Trd, 001891.250, 141.0
Trd, 001891.340, 148
Trd, 001891.650, 160
Trd, 001891.910, 155
Trd, 001892.240, 156
Trd, 001892.430, 152
Trd, 001892.920, 147.0
Trd, 001893.420, 145.0
Trd, 001893.500, 147
Trd, 001893.760, 148
Trd, 001893.790, 157
Trd, 001894.180, 160.0
Trd, 001898.070, 158
Trd, 001903.830, 150
Trd, 001921.400, 154
Trd, 001921.820, 153
Trd, 001922.000, 152
Trd, 001922.070, 151
Trd, 001922.310, 154
Trd, 001922.450, 150
Trd, 001922.950, 155
Trd, 001923.610, 149
Trd, 001924.090, 155
Trd, 001926.160, 158
Trd, 001928.040, 160.0
Trd, 001932.290, 161.0
Trd, 001933.440, 164.0
Trd, 001947.320, 154
Trd, 001950.260, 154
Trd, 001951.490, 153
Trd, 001951.650, 155
Trd, 001951.740, 152
Trd, 001951.900, 157
Trd, 001952.130, 150
Trd, 001952.760, 158
Trd, 001952.840, 151
Trd, 001953.100, 156
Trd, 001953.310, 157
Trd, 001953.490, 159
Trd, 001953.690, 160.0
Trd, 001962.400, 158
Trd, 001965.340, 154
Trd, 001969.100, 161.0
Trd, 001976.370, 148.0
Trd, 001981.360, 165.0
Trd, 001981.580, 147.0
Trd, 001981.830, 149
Trd, 001981.970, 148
Trd, 001982.180, 147
Trd, 001982.490, 146
Trd, 001982.800, 150
Trd, 001983.250, 153
Trd, 001983.490, 154
Trd, 001983.560, 157
Trd, 001985.110, 157
Trd, 001985.440, 157
Trd, 001986.210, 160.0
Trd, 002011.460, 153
Trd, 002011.560, 141.0
Trd, 002012.520, 149
Trd, 002012.620, 148
Trd, 002013.350, 150
Trd, 002013.600, 154
Trd, 002013.690, 154
Trd, 002015.170, 154
Trd, 002015.440, 154
Trd, 002015.870, 158
Trd, 002018.150, 155
Trd, 002022.670, 160.0
Trd, 002025.530, 154
Trd, 002041.390, 153
Trd, 002041.570, 157
Trd, 002041.740, 156
Trd, 002041.780, 157
Trd, 002041.800, 152
Trd, 002041.920, 157
Trd, 002042.130, 152
Trd, 002042.200, 151
Trd, 002042.530, 157
Trd, 002043.630, 160.0
Trd, 002045.340, 151
Trd, 002049.020, 156
Trd, 002052.100, 148.0
Trd, 002060.980, 153
Trd, 002071.390, 150
Trd, 002071.470, 159
Trd, 002071.610, 150
Trd, 002072.000, 153
Trd, 002072.190, 148.0
Trd, 002072.290, 153
Trd, 002072.660, 155
Trd, 002073.330, 149
Trd, 002073.890, 153
Trd, 002077.030, 155
Trd, 002077.060, 160.0
Trd, 002077.780, 161.0
Trd, 002082.050, 150
Trd, 002082.840, 150
Trd, 002089.280, 163
Trd, 002101.390, 131.0
Trd, 002101.520, 160
Trd, 002101.690, 160.0
Trd, 002101.800, 159.0
Trd, 002101.920, 149
Trd, 002102.100, 159
Trd, 002102.720, 149
Trd, 002103.910, 155
Trd, 002104.710, 155
Trd, 002105.260, 156
Trd, 002105.780, 150
Trd, 002108.570, 161.0
Trd, 002116.330, 152
Trd, 002131.410, 150
Trd, 002131.650, 131.0
Trd, 002131.680, 145.0
Trd, 002131.760, 147
Trd, 002131.840, 147
Trd, 002131.980, 153
Trd, 002132.270, 155
Trd, 002132.280, 143
Trd, 002132.380, 156
Trd, 002132.720, 157
Trd, 002135.250, 159
Trd, 002136.480, 160.0
Trd, 002139.460, 161.0
Trd, 002155.340, 156
Trd, 002155.720, 156
Trd, 002161.480, 159.0
Trd, 002161.550, 162
Trd, 002161.750, 173
Trd, 002162.050, 141.0
Trd, 002162.120, 145.0
Trd, 002162.350, 150
Trd, 002163.480, 151
Trd, 002164.620, 152
Trd, 002164.810, 151
Trd, 002165.430, 154
Trd, 002168.160, 152
Trd, 002168.330, 158
Trd, 002177.710, 150
Trd, 002191.470, 197.0
Trd, 002191.650, 131.0
Trd, 002191.820, 159.0
Trd, 002191.990, 160.0
Trd, 002192.040, 161.0
Trd, 002192.500, 149
Trd, 002192.540, 148
Trd, 002192.590, 148
Trd, 002193.220, 149
Trd, 002193.460, 156
Trd, 002195.390, 153
Trd, 002195.890, 154
Trd, 002205.860, 154
Trd, 002207.710, 148.0
Trd, 002220.820, 149
Trd, 002221.610, 131.0
Trd, 002221.630, 145.0
Trd, 002222.060, 149
Trd, 002222.490, 154
Trd, 002222.610, 147.0
Trd, 002222.790, 153
Trd, 002223.180, 154
Trd, 002223.560, 148.0
Trd, 002226.310, 151
Trd, 002232.900, 157
Trd, 002233.640, 148
Trd, 002249.430, 148
Trd, 002251.430, 190
Trd, 002251.440, 176
Trd, 002251.600, 142
Trd, 002251.670, 153
Trd, 002251.930, 160.0
Trd, 002251.960, 159.0
Trd, 002252.010, 151
Trd, 002254.700, 158
Trd, 002256.090, 157
Trd, 002258.180, 156
Trd, 002258.200, 156
Trd, 002263.780, 153
Trd, 002265.910, 151
Trd, 002267.310, 156
Trd, 002281.430, 176
Trd, 002281.660, 164.0
Trd, 002281.820, 159.0
Trd, 002282.360, 159
Trd, 002282.560, 148.0
Trd, 002282.640, 147
Trd, 002282.760, 147
Trd, 002283.520, 146
Trd, 002283.630, 159
Trd, 002283.770, 160
Trd, 002285.050, 160
Trd, 002292.820, 160.0
Trd, 002296.610, 147
Trd, 002307.750, 158
Trd, 002311.440, 165.0
Trd, 002311.550, 148
Trd, 002311.650, 142
Trd, 002311.740, 155
Trd, 002312.220, 148.0
Trd, 002312.960, 149
Trd, 002313.530, 153
Trd, 002319.500, 152
Trd, 002322.470, 151
Trd, 002323.630, 154
Trd, 002325.520, 156
Trd, 002330.740, 157
Trd, 002332.690, 149
Trd, 002341.550, 131.0
Trd, 002341.590, 147.0
Trd, 002341.650, 155
Trd, 002341.840, 148.0
Trd, 002341.870, 150
Trd, 002342.260, 152
Trd, 002342.670, 155
Trd, 002343.250, 148
Trd, 002343.580, 153
Trd, 002343.960, 147
Trd, 002344.050, 155
Trd, 002344.140, 157
Trd, 002348.480, 160.0
Trd, 002371.530, 148
Trd, 002371.700, 150
Trd, 002371.840, 147
Trd, 002372.060, 153
Trd, 002372.120, 153
Trd, 002372.180, 154
Trd, 002372.220, 147
Trd, 002372.340, 154
Trd, 002374.240, 154
Trd, 002377.550, 157
Trd, 002378.730, 150
Trd, 002379.560, 160.0
Trd, 002381.830, 161.0
Trd, 002385.920, 149
Trd, 002392.120, 148.0
Trd, 002401.470, 178
Trd, 002401.940, 141.0
Trd, 002402.070, 160.0
Trd, 002402.210, 161.0
Trd, 002402.390, 136.0
Trd, 002402.740, 147.0
Trd, 002404.020, 160
Trd, 002404.230, 171.0
Trd, 002406.930, 161
Trd, 002409.190, 164.0
Trd, 002411.470, 160
Trd, 002416.020, 160
Trd, 002431.640, 159
Trd, 002431.780, 147.0
Trd, 002432.160, 150
Trd, 002432.540, 151
Trd, 002432.720, 153
Trd, 002433.540, 152
Trd, 002434.110, 151
Trd, 002434.620, 153
Trd, 002434.740, 154
Trd, 002438.030, 157
Trd, 002439.490, 160.0
Trd, 002444.750, 150
Trd, 002461.630, 156
Trd, 002461.660, 148.0
Trd, 002461.690, 156
Trd, 002461.780, 147
Trd, 002462.530, 156
Trd, 002463.020, 154
Trd, 002463.090, 158
Trd, 002463.570, 154
Trd, 002464.460, 153
Trd, 002465.360, 153
Trd, 002466.920, 155
Trd, 002467.060, 160.0
Trd, 002467.300, 151
Trd, 002475.150, 161.0
Trd, 002491.610, 159.0
Trd, 002491.880, 156
Trd, 002491.980, 159
Trd, 002492.020, 155
Trd, 002492.270, 157
Trd, 002492.410, 160
Trd, 002492.680, 158
Trd, 002493.560, 153
Trd, 002494.470, 158
Trd, 002495.170, 160.0
Trd, 002495.280, 154
Trd, 002497.290, 159
Trd, 002499.020, 158
Trd, 002504.600, 153
Trd, 002512.070, 148.0
Trd, 002521.580, 142
Trd, 002521.860, 169
Trd, 002522.210, 165
Trd, 002522.310, 165
Trd, 002522.420, 161
Trd, 002522.610, 160
Trd, 002522.870, 159
Trd, 002522.880, 152
Trd, 002525.450, 161.0
Trd, 002526.210, 162
Trd, 002528.590, 160
Trd, 002531.380, 160
Trd, 002532.330, 159.0
Trd, 002535.780, 157
Trd, 002541.010, 148.0
Trd, 002551.660, 170
Trd, 002551.710, 161.0
Trd, 002551.780, 154
Trd, 002551.830, 153
Trd, 002551.940, 159
Trd, 002552.020, 148.0
Trd, 002552.830, 159.0
Trd, 002553.600, 144
Trd, 002553.910, 158
Trd, 002554.490, 151
Trd, 002554.980, 155
Trd, 002556.260, 159
Trd, 002556.490, 148
Trd, 002581.720, 164.0
Trd, 002581.860, 159.0
Trd, 002582.190, 144
Trd, 002582.450, 141
Trd, 002582.570, 145
Trd, 002582.820, 138
Trd, 002583.380, 145
Trd, 002583.490, 152
Trd, 002584.360, 148.0
Trd, 002588.540, 153
Trd, 002590.860, 146
Trd, 002603.580, 153
Trd, 002606.600, 154
Trd, 002610.700, 157
Trd, 002611.640, 141.0
Trd, 002611.790, 150
Trd, 002611.920, 159.0
Trd, 002612.060, 155
Trd, 002612.110, 156
Trd, 002612.550, 160.0
Trd, 002612.860, 160
Trd, 002613.840, 154
Trd, 002614.570, 153
Trd, 002615.860, 155
Trd, 002616.280, 158
Trd, 002616.700, 158
Trd, 002624.870, 155
Trd, 002641.590, 166
Trd, 002641.740, 147.0
Trd, 002642.260, 141.0
Trd, 002642.450, 145
Trd, 002642.550, 146
Trd, 002643.560, 145.0
Trd, 002644.300, 137
Trd, 002644.950, 150
Trd, 002645.630, 152
Trd, 002660.350, 155
Trd, 002671.560, 156
Trd, 002671.690, 157
Trd, 002671.710, 161.0
Trd, 002671.830, 159.0
Trd, 002673.000, 159
Trd, 002673.320, 151
Trd, 002673.850, 148.0
Trd, 002674.310, 148
Trd, 002674.740, 160
Trd, 002676.890, 160
Trd, 002677.690, 160.0
Trd, 002679.480, 157
Trd, 002695.620, 155
Trd, 002698.150, 151
Trd, 002701.600, 159.0
Trd, 002702.000, 148.0
Trd, 002702.190, 145
Trd, 002702.220, 155
Trd, 002702.330, 147.0
Trd, 002702.700, 151
Trd, 002703.610, 141.0
Trd, 002704.890, 145
Trd, 002705.460, 152
Trd, 002731.610, 131.0
Trd, 002731.640, 141.0
Trd, 002731.710, 171.0
Trd, 002731.880, 159.0
Trd, 002732.210, 155
Trd, 002732.240, 154
Trd, 002732.260, 148
Trd, 002733.140, 159
Trd, 002734.500, 154
Trd, 002736.110, 159
Trd, 002741.050, 158
Trd, 002742.400, 156
Trd, 002756.310, 152
Trd, 002761.650, 150
Trd, 002761.930, 149
Trd, 002762.000, 157
Trd, 002762.130, 158
Trd, 002762.630, 148
Trd, 002762.830, 157
Trd, 002762.930, 148.0
Trd, 002764.040, 147
Trd, 002765.120, 157
Trd, 002765.600, 160.0
Trd, 002767.560, 160
Trd, 002769.230, 147.0
Trd, 002769.280, 161.0
Trd, 002772.300, 160
Trd, 002774.460, 142
Trd, 002791.860, 155
Trd, 002792.000, 137
Trd, 002792.240, 147.0
Trd, 002792.530, 150
Trd, 002793.320, 150
Trd, 002793.420, 153
Trd, 002793.550, 156
Trd, 002795.790, 145.0
Trd, 002798.030, 147
Trd, 002800.960, 157
Trd, 002802.000, 146
Trd, 002804.610, 159
Trd, 002806.170, 149
Trd, 002821.910, 155
Trd, 002821.960, 151
Trd, 002822.160, 148
Trd, 002822.200, 155
Trd, 002822.960, 136.0
Trd, 002823.060, 145.0
Trd, 002823.270, 144
Trd, 002824.680, 155
Trd, 002825.010, 157
Trd, 002828.500, 151
Trd, 002831.320, 159
Trd, 002839.190, 160.0
Trd, 002841.040, 148
Trd, 002851.750, 158
Trd, 002851.910, 156
Trd, 002852.040, 161.0
Trd, 002852.120, 151
Trd, 002852.320, 162
Trd, 002853.030, 151
Trd, 002853.280, 158
Trd, 002853.890, 151
Trd, 002854.850, 157
Trd, 002855.400, 151
Trd, 002859.040, 152
Trd, 002859.300, 156
Trd, 002863.360, 154
Trd, 002881.830, 164.0
Trd, 002881.880, 159.0
Trd, 002882.100, 152
Trd, 002882.260, 151
Trd, 002882.280, 142
Trd, 002882.480, 159
Trd, 002883.520, 159
Trd, 002883.920, 159
Trd, 002885.170, 149
Trd, 002885.720, 157
Trd, 002890.490, 158
Trd, 002891.160, 160
Trd, 002893.620, 155
Trd, 002911.650, 156
Trd, 002911.830, 131.0
Trd, 002912.250, 149
Trd, 002912.450, 155
Trd, 002912.500, 156
Trd, 002912.550, 147
Trd, 002912.660, 147
Trd, 002913.190, 157
Trd, 002914.990, 157
Trd, 002915.040, 160.0
Trd, 002916.770, 151
Trd, 002917.060, 161.0
Trd, 002917.330, 149
Trd, 002919.990, 161
Trd, 002941.740, 160.0
Trd, 002941.940, 150
Trd, 002942.060, 148.0
Trd, 002942.100, 156
Trd, 002942.140, 147
Trd, 002942.940, 151
Trd, 002945.330, 152
Trd, 002945.900, 152
Trd, 002946.020, 148
Trd, 002946.470, 154
Trd, 002947.420, 148
Trd, 002954.050, 158
Trd, 002954.880, 161.0
Trd, 002971.840, 150
Trd, 002971.860, 149
Trd, 002972.010, 156
Trd, 002972.210, 149
Trd, 002972.790, 149
Trd, 002972.980, 156
Trd, 002973.200, 156
Trd, 002974.030, 157
Trd, 002974.190, 158
Trd, 002979.510, 155
Trd, 002980.530, 160.0
Trd, 002980.910, 149
Trd, 002984.050, 148.0
Trd, 003001.660, 159.0
Trd, 003001.710, 197.0
Trd, 003001.750, 180
Trd, 003001.830, 169
Trd, 003001.880, 150
Trd, 003002.300, 161
Trd, 003002.740, 143
Trd, 003004.000, 151
Trd, 003009.240, 154
Trd, 003015.730, 151
Trd, 003016.840, 153
Trd, 003017.400, 149
Trd, 003019.220, 152
Trd, 003028.140, 149
Trd, 003031.850, 164
Trd, 003031.900, 158
Trd, 003032.360, 158
Trd, 003032.600, 158
Trd, 003032.770, 153
Trd, 003032.810, 159
Trd, 003033.960, 158
Trd, 003034.310, 160
Trd, 003035.020, 158
Trd, 003035.700, 159.0
Trd, 003036.590, 160.0
Trd, 003037.100, 159
Trd, 003039.410, 155
Trd, 003046.120, 152
Trd, 003061.740, 157
Trd, 003061.850, 160.0
Trd, 003062.100, 154
Trd, 003062.560, 159.0
Trd, 003063.050, 160
Trd, 003063.070, 154
Trd, 003063.740, 153
Trd, 003064.400, 153
Trd, 003065.300, 160
Trd, 003066.060, 160
Trd, 003066.350, 161.0
Trd, 003067.930, 152
Trd, 003072.240, 161
Trd, 003073.430, 160
Trd, 003091.870, 159.0
Trd, 003091.960, 160
Trd, 003092.070, 155
Trd, 003092.250, 153
Trd, 003092.330, 165.0
Trd, 003092.540, 161.0
Trd, 003092.880, 160.0
Trd, 003093.170, 161
Trd, 003094.450, 153
Trd, 003095.620, 161
Trd, 003097.440, 159
Trd, 003100.930, 157
Trd, 003121.980, 148.0
Trd, 003122.400, 147.0
Trd, 003122.420, 160.0
Trd, 003122.490, 159.0
Trd, 003122.570, 157
Trd, 003122.580, 163
Trd, 003122.830, 145.0
Trd, 003122.870, 151
Trd, 003122.890, 142
Trd, 003124.670, 151
Trd, 003127.750, 154
Trd, 003131.190, 155
Trd, 003131.710, 161.0
Trd, 003141.080, 155
Trd, 003146.690, 153
Trd, 003147.420, 164.0
Trd, 003151.730, 160
Trd, 003152.150, 153
Trd, 003152.620, 157
Trd, 003153.030, 152
Trd, 003153.140, 152
Trd, 003153.250, 155
Trd, 003153.420, 155
Trd, 003153.620, 152
Trd, 003154.630, 154
Trd, 003155.610, 157
Trd, 003156.170, 160.0
Trd, 003160.160, 161.0
Trd, 003173.410, 153
Trd, 003181.820, 160
Trd, 003182.040, 159.0
Trd, 003182.090, 164.0
Trd, 003182.210, 152
Trd, 003182.650, 161.0
Trd, 003182.740, 160
Trd, 003182.780, 162
Trd, 003183.120, 154
Trd, 003183.780, 151
Trd, 003184.180, 151
Trd, 003188.380, 151
Trd, 003192.110, 150
Trd, 003202.970, 156
Trd, 003212.120, 145.0
Trd, 003212.180, 153
Trd, 003212.440, 154
Trd, 003212.980, 149
Trd, 003212.990, 145
Trd, 003213.090, 152
Trd, 003213.880, 148.0
Trd, 003214.210, 151
Trd, 003214.800, 151
Trd, 003220.360, 157
Trd, 003221.500, 152
Trd, 003225.730, 160.0
Trd, 003231.890, 159
Trd, 003241.750, 154
Trd, 003241.780, 197.0
Trd, 003242.000, 153
Trd, 003242.690, 163
Trd, 003242.760, 164.0
Trd, 003243.080, 152
Trd, 003243.380, 160
Trd, 003243.740, 159.0
Trd, 003244.170, 161
Trd, 003244.690, 153
Trd, 003246.430, 159
Trd, 003250.130, 153
Trd, 003253.210, 154
Trd, 003254.350, 155
Trd, 003262.140, 148.0
Trd, 003271.800, 147.0
Trd, 003271.820, 149
Trd, 003271.930, 151
Trd, 003272.240, 164
Trd, 003272.450, 183
Trd, 003273.450, 164
Trd, 003273.530, 165.0
Trd, 003274.010, 158
Trd, 003277.620, 160
Trd, 003278.930, 159.0
Trd, 003279.780, 160.0
Trd, 003283.740, 171
Trd, 003295.700, 153
Trd, 003301.900, 173
Trd, 003302.010, 159.0
Trd, 003302.110, 181
Trd, 003302.280, 161
Trd, 003302.400, 143
Trd, 003302.510, 165.0
Trd, 003302.660, 148.0
Trd, 003302.840, 147
Trd, 003303.880, 154
Trd, 003304.630, 153
Trd, 003306.330, 152
Trd, 003307.900, 153
Trd, 003313.650, 160.0
Trd, 003321.010, 147
Trd, 003324.940, 146
Trd, 003331.940, 155
Trd, 003331.960, 160
Trd, 003332.090, 145
Trd, 003332.640, 161.0
Trd, 003332.770, 159
Trd, 003332.880, 162
Trd, 003333.480, 148.0
Trd, 003333.860, 148
Trd, 003333.900, 160.0
Trd, 003336.180, 151
Trd, 003337.050, 155
Trd, 003337.820, 154
Trd, 003339.690, 150
Trd, 003345.770, 157
Trd, 003355.610, 148
Trd, 003361.840, 157
Trd, 003361.910, 180
Trd, 003362.040, 197.0
Trd, 003362.260, 180
Trd, 003362.300, 170
Trd, 003362.360, 164
Trd, 003362.540, 161
Trd, 003363.040, 164.0
Trd, 003363.320, 152
Trd, 003365.440, 162
Trd, 003365.580, 159.0
Trd, 003370.250, 164
Trd, 003380.730, 159
Trd, 003391.930, 167
Trd, 003392.260, 159
Trd, 003392.320, 160.0
Trd, 003392.430, 163
Trd, 003392.930, 158
Trd, 003393.230, 159.0
Trd, 003393.360, 158
Trd, 003394.600, 161
Trd, 003395.240, 159
Trd, 003397.490, 157
Trd, 003401.010, 153
Trd, 003402.210, 148.0
Trd, 003402.800, 157
Trd, 003414.650, 161.0
Trd, 003421.830, 155
Trd, 003421.950, 148
Trd, 003422.140, 141.0
Trd, 003423.400, 149
Trd, 003423.540, 150
Trd, 003423.550, 155
Trd, 003423.570, 156
Trd, 003423.650, 148.0
Trd, 003425.930, 153
Trd, 003426.010, 149
Trd, 003426.160, 155
Trd, 003428.730, 157
Trd, 003437.570, 156
Trd, 003444.120, 153
Trd, 003449.890, 151
Trd, 003451.860, 197.0
Trd, 003452.080, 159.0
Trd, 003452.140, 152
Trd, 003452.190, 165.0
Trd, 003452.550, 153
Trd, 003452.560, 160.0
Trd, 003452.650, 151
Trd, 003453.310, 157
Trd, 003454.380, 152
Trd, 003457.940, 157
Trd, 003461.750, 155
Trd, 003463.020, 154
Trd, 003473.120, 149
Trd, 003475.770, 148.0
Trd, 003479.880, 154
Trd, 003482.250, 164
Trd, 003482.260, 160
Trd, 003482.690, 160
Trd, 003482.910, 159.0
Trd, 003484.160, 160
Trd, 003484.230, 158
Trd, 003484.560, 160
Trd, 003484.890, 159
Trd, 003485.570, 160.0
Trd, 003485.790, 160
Trd, 003485.850, 161.0
Trd, 003493.600, 153
Trd, 003504.420, 162
Trd, 003512.030, 131.0
Trd, 003512.130, 141.0
Trd, 003512.270, 147.0
Trd, 003512.310, 164.0
Trd, 003512.820, 159.0
Trd, 003513.640, 160.0
Trd, 003514.260, 161.0
Trd, 003518.800, 160
Trd, 003520.750, 161
Trd, 003520.920, 160
Trd, 003522.860, 159
Trd, 003530.210, 159
Trd, 003539.190, 157
Trd, 003542.210, 156
Trd, 003542.230, 159
Trd, 003542.430, 171.0
Trd, 003542.620, 165.0
Trd, 003542.690, 156
Trd, 003542.720, 155
Trd, 003543.000, 155
Trd, 003544.670, 160.0
Trd, 003545.530, 159.0
Trd, 003547.370, 158
Trd, 003549.270, 152
Trd, 003553.230, 157
Trd, 003554.040, 158
Trd, 003568.780, 154
Trd, 003571.990, 145.0
Trd, 003572.240, 197.0
Trd, 003572.280, 161
Trd, 003572.630, 151
Trd, 003572.700, 150
Trd, 003573.460, 160.0
Trd, 003573.990, 159.0
Trd, 003575.820, 161.0
Trd, 003579.100, 164.0
Trd, 003581.640, 165.0
Trd, 003592.790, 162
Trd, 003594.500, 157
Trd, 003601.940, 153
Trd, 003602.050, 145.0
Trd, 003602.210, 142
Trd, 003602.330, 146
Trd, 003602.630, 150
Trd, 003602.680, 154
Trd, 003603.000, 160
Trd, 003603.930, 151
Trd, 003604.740, 155
Trd, 003606.020, 150
Trd, 003611.740, 155
Trd, 003628.190, 157
Trd, 003632.070, 159.0
Trd, 003632.200, 153
Trd, 003632.460, 152
Trd, 003632.680, 150
Trd, 003632.800, 160
Trd, 003633.250, 154
Trd, 003633.530, 156
Trd, 003633.860, 158
Trd, 003634.420, 153
Trd, 003634.690, 160.0
Trd, 003640.530, 153
Trd, 003642.340, 160
Trd, 003643.740, 153
Trd, 003646.840, 148.0
Trd, 003661.230, 142
Trd, 003662.070, 150
Trd, 003662.080, 156
Trd, 003662.220, 145.0
Trd, 003662.490, 148.0
Trd, 003662.580, 141.0
Trd, 003662.950, 156
Trd, 003664.260, 150
Trd, 003666.140, 154
Trd, 003668.630, 153
Trd, 003669.740, 154
Trd, 003674.170, 152
Trd, 003685.530, 151
Trd, 003686.240, 158
Trd, 003692.170, 145.0
Trd, 003692.190, 156
Trd, 003692.320, 148.0
Trd, 003692.710, 147
Trd, 003692.890, 146
Trd, 003693.020, 151
Trd, 003695.230, 160.0
Trd, 003695.430, 159.0
Trd, 003696.310, 157
Trd, 003704.080, 161
Trd, 003705.640, 161
Trd, 003706.160, 159
Trd, 003708.970, 156
Trd, 003722.100, 145.0
Trd, 003722.270, 156
Trd, 003722.430, 152
Trd, 003722.620, 160.0
Trd, 003722.680, 161.0
Trd, 003722.910, 151
Trd, 003723.260, 150
Trd, 003723.330, 159
Trd, 003723.420, 148.0
Trd, 003724.110, 141.0
Trd, 003724.880, 146
Trd, 003728.650, 150
Trd, 003736.240, 152
Trd, 003741.530, 160
Trd, 003752.230, 152
Trd, 003752.240, 135
Trd, 003752.290, 155
Trd, 003752.450, 141.0
Trd, 003752.540, 144
Trd, 003752.980, 145.0
Trd, 003753.490, 147.0
Trd, 003754.570, 149
Trd, 003755.310, 153
Trd, 003755.470, 153
Trd, 003766.480, 157
Trd, 003767.040, 160.0
Trd, 003775.670, 152
Trd, 003781.950, 131.0
Trd, 003782.050, 141.0
Trd, 003782.640, 148.0
Trd, 003783.380, 160.0
Trd, 003784.690, 161.0
Trd, 003784.770, 159.0
Trd, 003785.190, 153
Trd, 003785.960, 164.0
Trd, 003790.330, 159
Trd, 003790.580, 165.0
Trd, 003795.690, 155
Trd, 003812.360, 141.0
Trd, 003812.430, 147.0
Trd, 003812.440, 162
Trd, 003812.700, 159.0
Trd, 003812.730, 161.0
Trd, 003812.920, 162
Trd, 003813.010, 164.0
Trd, 003813.030, 154
Trd, 003815.060, 160.0
Trd, 003815.490, 158
Trd, 003816.630, 156
Trd, 003818.530, 156
Trd, 003820.100, 154
Trd, 003838.090, 153
Trd, 003839.460, 157
Trd, 003841.970, 146
Trd, 003842.180, 145.0
Trd, 003842.310, 149
Trd, 003842.380, 159
Trd, 003843.480, 160.0
Trd, 003843.920, 149
Trd, 003844.110, 148
Trd, 003844.670, 161.0
Trd, 003847.210, 164.0
Trd, 003847.450, 165.0
Trd, 003851.280, 167
Trd, 003852.690, 167
Trd, 003852.800, 161
Trd, 003857.560, 156
Trd, 003870.320, 153
Trd, 003872.010, 157
Trd, 003872.250, 147.0
Trd, 003872.350, 137
Trd, 003872.500, 161.0
Trd, 003872.600, 160.0
Trd, 003872.610, 148
Trd, 003873.450, 159.0
Trd, 003873.540, 160
Trd, 003873.940, 155
Trd, 003876.430, 154
Trd, 003876.880, 160
Trd, 003879.090, 159
Trd, 003879.190, 159
Trd, 003902.160, 153
Trd, 003902.580, 152
Trd, 003902.590, 157
Trd, 003902.630, 157
Trd, 003902.810, 147.0
Trd, 003902.870, 159
Trd, 003903.020, 160.0
Trd, 003903.480, 151
Trd, 003904.350, 150
Trd, 003905.090, 157
Trd, 003906.690, 158
Trd, 003907.990, 156
Trd, 003911.380, 161.0
Trd, 003930.770, 155
Trd, 003931.960, 145.0
Trd, 003932.030, 159.0
Trd, 003932.170, 147.0
Trd, 003932.270, 150
Trd, 003932.630, 160.0
Trd, 003933.610, 164.0
Trd, 003934.750, 156
Trd, 003939.110, 161.0
Trd, 003942.810, 165.0
Trd, 003948.760, 162
Trd, 003956.090, 156
Trd, 003961.490, 155
Trd, 003962.120, 131.0
Trd, 003962.430, 147
Trd, 003962.490, 155
Trd, 003962.800, 149
Trd, 003963.130, 159.0
Trd, 003963.360, 160.0
Trd, 003963.560, 151
Trd, 003963.710, 158
Trd, 003964.050, 161.0
Trd, 003964.460, 154
Trd, 003964.970, 150
Trd, 003967.080, 153
Trd, 003967.320, 154
Trd, 003968.030, 151
Trd, 003969.360, 150
Trd, 003982.930, 148.0
Trd, 003992.190, 157
Trd, 003992.200, 161.0
Trd, 003992.540, 159
Trd, 003992.660, 150
Trd, 003993.030, 150
Trd, 003993.080, 151
Trd, 003993.090, 149
Trd, 003993.230, 157
Trd, 003993.840, 151
Trd, 003994.300, 156
Trd, 003997.390, 155
Trd, 004000.610, 153
Trd, 004000.690, 155
Trd, 004001.060, 157
Trd, 004001.790, 156.0
Trd, 004002.060, 155
Trd, 004002.510, 158.0
Trd, 004008.080, 151
Trd, 004022.100, 150
Trd, 004022.140, 149
Trd, 004022.200, 156
Trd, 004022.390, 163.0
Trd, 004022.490, 161.0
Trd, 004022.600, 162
Trd, 004022.690, 163.0
Trd, 004022.740, 163
Trd, 004023.220, 163.0
Trd, 004023.250, 159.0
Trd, 004023.700, 159
Trd, 004024.040, 164
Trd, 004024.590, 153
Trd, 004024.910, 158.0
Trd, 004026.570, 148.0
Trd, 004028.520, 158
Trd, 004028.570, 159
Trd, 004030.120, 160.0
Trd, 004045.690, 141
Trd, 004052.070, 151
Trd, 004052.080, 139
Trd, 004052.260, 165
Trd, 004052.290, 162
Trd, 004052.320, 164.0
Trd, 004052.560, 154.0
Trd, 004052.670, 156
Trd, 004053.110, 154
Trd, 004053.240, 153
Trd, 004053.300, 156
Trd, 004053.310, 156
Trd, 004054.020, 154
Trd, 004054.160, 158.0
Trd, 004055.080, 157.0
Trd, 004056.220, 155.0
Trd, 004059.160, 152
Trd, 004069.270, 150
Trd, 004082.150, 159.0
Trd, 004082.260, 145
Trd, 004082.480, 148
Trd, 004082.610, 149
Trd, 004082.640, 151
Trd, 004082.880, 152
Trd, 004083.140, 154
Trd, 004083.280, 154
Trd, 004083.360, 150
Trd, 004083.890, 157
Trd, 004083.930, 158.0
Trd, 004084.160, 155
Trd, 004085.270, 154
Trd, 004085.600, 154
Trd, 004086.720, 153
Trd, 004087.260, 160
Trd, 004087.750, 160.0
Trd, 004089.520, 161.0
Trd, 004094.360, 152
Trd, 004112.150, 152
Trd, 004112.240, 153
Trd, 004112.390, 150
Trd, 004112.490, 154
Trd, 004112.690, 153
Trd, 004112.870, 155.0
Trd, 004113.030, 155.0
Trd, 004113.390, 153
Trd, 004113.440, 151
Trd, 004113.790, 152
Trd, 004115.210, 149
Trd, 004116.480, 152
Trd, 004116.810, 152
Trd, 004116.830, 152
Trd, 004120.540, 157
Trd, 004121.310, 158.0
Trd, 004121.970, 151
Trd, 004134.530, 153
Trd, 004139.570, 148.0
Trd, 004142.180, 148
Trd, 004142.260, 148
Trd, 004142.410, 146
Trd, 004142.530, 147.0
Trd, 004142.540, 149
Trd, 004142.620, 149
Trd, 004142.650, 151
Trd, 004142.940, 149
Trd, 004143.330, 148.0
Trd, 004143.370, 151
Trd, 004143.580, 152
Trd, 004143.900, 154
Trd, 004144.970, 152.0
Trd, 004145.900, 155.0
Trd, 004149.050, 147
Trd, 004152.330, 152
Trd, 004159.360, 158.0
Trd, 004168.480, 146
Trd, 004172.080, 145
Trd, 004172.110, 161.0
Trd, 004172.270, 158.0
Trd, 004172.490, 146
Trd, 004172.730, 146
Trd, 004172.760, 147.0
Trd, 004172.770, 151
Trd, 004173.360, 148
Trd, 004173.530, 148.0
Trd, 004174.070, 148
Trd, 004174.390, 148
Trd, 004174.760, 150
Trd, 004176.990, 148.0
Trd, 004177.430, 152
Trd, 004182.000, 154
Trd, 004184.160, 148
Trd, 004187.240, 149
Trd, 004191.260, 155.0
Trd, 004202.420, 147
Trd, 004202.540, 150
Trd, 004202.580, 152
Trd, 004202.590, 153
Trd, 004202.710, 147
Trd, 004202.730, 153
Trd, 004202.890, 151
Trd, 004203.210, 152
Trd, 004203.540, 148
Trd, 004204.300, 151.0
Trd, 004204.540, 152
Trd, 004204.560, 151
Trd, 004204.810, 149
Trd, 004204.980, 154
Trd, 004206.070, 155.0
Trd, 004206.150, 151.0
Trd, 004220.980, 157
Trd, 004232.420, 155
Trd, 004232.550, 159
Trd, 004232.680, 153
Trd, 004232.700, 152
Trd, 004232.780, 154.0
Trd, 004232.900, 156
Trd, 004233.040, 152
Trd, 004233.090, 151
Trd, 004233.190, 157
Trd, 004234.920, 148.0
Trd, 004235.400, 151
Trd, 004235.450, 155
Trd, 004235.950, 157
Trd, 004238.460, 157
Trd, 004238.590, 158
Trd, 004240.300, 158.0
Trd, 004245.580, 149
Trd, 004251.560, 159
Trd, 004262.290, 141.0
Trd, 004262.440, 131.0
Trd, 004262.500, 154
Trd, 004262.750, 147.0
Trd, 004263.010, 144
Trd, 004263.170, 149
Trd, 004263.440, 148
Trd, 004263.610, 148
Trd, 004264.030, 150
Trd, 004264.050, 151
Trd, 004264.270, 151
Trd, 004265.010, 153
Trd, 004265.380, 154
Trd, 004265.680, 155.0
Trd, 004266.850, 152
Trd, 004273.540, 150
Trd, 004280.690, 157
Trd, 004290.900, 148
Trd, 004292.420, 140.0
Trd, 004292.460, 141.0
Trd, 004292.660, 138
Trd, 004292.820, 141
Trd, 004292.850, 144
Trd, 004293.400, 145
Trd, 004293.460, 147.0
Trd, 004293.620, 151
Trd, 004294.030, 150
Trd, 004294.560, 147
Trd, 004294.650, 154
Trd, 004294.790, 145
Trd, 004295.150, 154
Trd, 004296.750, 155
Trd, 004303.040, 155.0
Trd, 004303.630, 148
Trd, 004308.910, 157
Trd, 004322.300, 152
Trd, 004322.320, 150
Trd, 004322.580, 153
Trd, 004322.660, 154
Trd, 004322.940, 152
Trd, 004323.110, 152
Trd, 004323.470, 145.0
Trd, 004323.610, 142
Trd, 004323.700, 146
Trd, 004324.020, 150
Trd, 004324.130, 154
Trd, 004324.350, 147
Trd, 004324.500, 154
Trd, 004324.550, 155.0
Trd, 004325.750, 157
Trd, 004332.080, 158.0
Trd, 004339.860, 152
Trd, 004349.160, 149
Trd, 004352.220, 154
Trd, 004352.260, 149
Trd, 004352.300, 154
Trd, 004352.330, 172
Trd, 004352.560, 157
Trd, 004352.600, 150
Trd, 004352.630, 147.0
Trd, 004352.880, 146
Trd, 004353.020, 151
Trd, 004354.310, 149
Trd, 004354.320, 152
Trd, 004354.350, 154
Trd, 004354.670, 155
Trd, 004355.240, 148
Trd, 004355.760, 148.0
Trd, 004359.450, 157
Trd, 004365.460, 149
Trd, 004366.770, 150
Trd, 004370.190, 158.0
Trd, 004382.160, 158
Trd, 004382.440, 180
Trd, 004382.500, 176
Trd, 004382.610, 170
Trd, 004382.820, 165.0
Trd, 004382.900, 168.0
Trd, 004382.930, 164.0
Trd, 004382.980, 164
Trd, 004383.090, 162
Trd, 004383.220, 159.0
Trd, 004383.260, 164
Trd, 004383.530, 166
Trd, 004383.800, 162
Trd, 004383.910, 159
Trd, 004384.540, 157
Trd, 004385.130, 153
Trd, 004390.200, 148.0
Trd, 004394.500, 148
Trd, 004397.000, 150
Trd, 004406.640, 152
Trd, 004412.430, 150
Trd, 004412.460, 148.0
Trd, 004412.550, 145.0
Trd, 004412.890, 148
Trd, 004412.950, 152
Trd, 004413.180, 149
Trd, 004413.390, 151
Trd, 004413.410, 152
Trd, 004414.030, 155.0
Trd, 004414.760, 154
Trd, 004415.310, 152
Trd, 004415.880, 152
Trd, 004417.590, 156
Trd, 004418.820, 151
Trd, 004419.350, 157
Trd, 004424.200, 156
Trd, 004433.870, 158.0
Trd, 004434.170, 150
Trd, 004442.210, 142
Trd, 004442.250, 147.0
Trd, 004442.370, 147
Trd, 004442.420, 155.0
Trd, 004442.730, 146
Trd, 004443.020, 141.0
Trd, 004443.210, 144
Trd, 004443.270, 149
Trd, 004443.570, 145.0
Trd, 004443.690, 148
Trd, 004443.930, 150
Trd, 004445.320, 152
Trd, 004446.030, 155
Trd, 004448.110, 155
Trd, 004450.850, 158.0
Trd, 004457.200, 159
Trd, 004459.290, 151
Trd, 004461.170, 159
Trd, 004472.280, 155
Trd, 004472.540, 159
Trd, 004472.590, 154
Trd, 004472.870, 150
Trd, 004473.170, 154
Trd, 004473.610, 150
Trd, 004473.730, 155
Trd, 004473.930, 155
Trd, 004474.330, 150
Trd, 004474.770, 149
Trd, 004474.780, 153
Trd, 004475.010, 155.0
Trd, 004475.370, 157
Trd, 004476.100, 158.0
Trd, 004477.010, 160.0
Trd, 004477.690, 152
Trd, 004484.430, 148
Trd, 004484.990, 150
Trd, 004489.810, 148.0
Trd, 004502.200, 149
Trd, 004502.530, 131.0
Trd, 004502.640, 147
Trd, 004502.680, 147.0
Trd, 004502.810, 148.0
Trd, 004502.920, 147
Trd, 004503.250, 152
Trd, 004503.490, 151
Trd, 004503.990, 152
Trd, 004504.070, 148
Trd, 004504.510, 154
Trd, 004507.600, 155.0
Trd, 004508.310, 156
Trd, 004508.420, 157
Trd, 004508.840, 158.0
Trd, 004521.770, 154
Trd, 004532.290, 159.0
Trd, 004532.310, 154.0
Trd, 004532.320, 148.0
Trd, 004532.520, 159.0
Trd, 004532.660, 153
Trd, 004532.670, 154
Trd, 004532.750, 159
Trd, 004533.040, 151
Trd, 004533.190, 150
Trd, 004533.220, 151
Trd, 004533.490, 154
Trd, 004533.790, 155.0
Trd, 004534.270, 154
Trd, 004534.290, 150
Trd, 004535.920, 157
Trd, 004537.680, 160.0
Trd, 004539.600, 161.0
Trd, 004547.010, 164.0
Trd, 004553.080, 142
Trd, 004562.430, 144
Trd, 004562.650, 139
Trd, 004562.660, 144
Trd, 004562.840, 145.0
Trd, 004562.980, 148.0
Trd, 004563.110, 150
Trd, 004563.160, 154
Trd, 004563.550, 151
Trd, 004563.640, 151
Trd, 004563.830, 153
Trd, 004563.860, 155
Trd, 004565.300, 154
Trd, 004570.160, 155.0
Trd, 004570.520, 151
Trd, 004573.540, 158
Trd, 004574.390, 158.0
Trd, 004592.350, 152
Trd, 004592.370, 151
Trd, 004592.380, 158
Trd, 004592.430, 178
Trd, 004592.630, 143
Trd, 004593.280, 140
Trd, 004593.560, 145
Trd, 004593.940, 144
Trd, 004593.990, 145.0
Trd, 004594.000, 146
Trd, 004594.580, 147.0
Trd, 004594.930, 150
Trd, 004595.860, 152
Trd, 004599.140, 154
Trd, 004600.650, 155.0
Trd, 004612.160, 151
Trd, 004612.940, 156
Trd, 004613.950, 149
Trd, 004622.190, 147.0
Trd, 004622.210, 162
Trd, 004622.480, 167.0
Trd, 004622.610, 167.0
Trd, 004622.750, 159.0
Trd, 004622.950, 158
Trd, 004622.970, 158
Trd, 004623.440, 158.0
Trd, 004623.470, 157
Trd, 004624.110, 157
Trd, 004624.320, 158
Trd, 004624.790, 157
Trd, 004624.840, 160.0
Trd, 004624.960, 156
Trd, 004624.980, 161.0
Trd, 004625.310, 163
Trd, 004631.230, 153
Trd, 004646.150, 161
Trd, 004652.240, 171.0
Trd, 004652.290, 159
Trd, 004652.330, 152
Trd, 004652.410, 165.0
Trd, 004652.490, 161
Trd, 004652.580, 160
Trd, 004652.680, 165
Trd, 004652.980, 164
Trd, 004653.150, 165
Trd, 004653.170, 159.0
Trd, 004653.240, 159
Trd, 004653.680, 153
Trd, 004653.750, 158
Trd, 004653.800, 148.0
Trd, 004655.780, 152
Trd, 004657.770, 151
Trd, 004662.960, 152
Trd, 004667.410, 155.0
Trd, 004677.800, 152
Trd, 004682.310, 167.0
Trd, 004682.390, 197.0
Trd, 004682.490, 181
Trd, 004682.680, 176
Trd, 004682.720, 164.0
Trd, 004682.850, 160.0
Trd, 004683.210, 159.0
Trd, 004683.330, 159
Trd, 004683.510, 164
Trd, 004683.910, 163
Trd, 004683.950, 164
Trd, 004684.050, 157
Trd, 004684.290, 153
Trd, 004684.340, 153
Trd, 004684.380, 158.0
Trd, 004684.430, 152
Trd, 004685.030, 149
Trd, 004687.050, 155
Trd, 004696.250, 148.0
Trd, 004712.370, 197.0
Trd, 004712.580, 187.0
Trd, 004712.590, 184.0
Trd, 004712.600, 164.0
Trd, 004712.960, 160
Trd, 004712.980, 160
Trd, 004713.160, 148.0
Trd, 004713.310, 155
Trd, 004713.820, 153
Trd, 004713.890, 141
Trd, 004714.310, 151
Trd, 004714.440, 155.0
Trd, 004714.850, 153
Trd, 004715.130, 152
Trd, 004715.660, 151
Trd, 004715.960, 153
Trd, 004716.510, 158.0
Trd, 004719.630, 158
Trd, 004738.530, 152
Trd, 004742.320, 148
Trd, 004742.440, 145.0
Trd, 004742.470, 158
Trd, 004742.640, 154.0
Trd, 004743.020, 148
Trd, 004743.040, 147
Trd, 004743.390, 153
Trd, 004743.490, 154
Trd, 004744.080, 157
Trd, 004744.300, 160.0
Trd, 004744.660, 158
Trd, 004744.670, 153
Trd, 004745.680, 150
Trd, 004748.220, 150
Trd, 004752.590, 154
Trd, 004753.010, 149
Trd, 004754.920, 155.0
Trd, 004772.310, 159.0
Trd, 004772.430, 156
Trd, 004772.560, 158
Trd, 004772.580, 158.0
Trd, 004772.640, 146
Trd, 004772.720, 141
Trd, 004773.070, 146
Trd, 004773.090, 147.0
Trd, 004773.180, 145
Trd, 004773.330, 143
Trd, 004773.480, 148.0
Trd, 004773.680, 154
Trd, 004773.840, 153
Trd, 004774.410, 155.0
Trd, 004775.420, 148.0
Trd, 004776.040, 154
Trd, 004778.250, 160.0
Trd, 004782.440, 147
Trd, 004785.760, 145
Trd, 004800.210, 151
Trd, 004802.390, 153
Trd, 004802.770, 144
Trd, 004802.910, 145.0
Trd, 004803.000, 147.0
Trd, 004803.200, 141.0
Trd, 004803.870, 148.0
Trd, 004803.940, 147
Trd, 004804.000, 145
Trd, 004804.190, 152
Trd, 004804.250, 155
Trd, 004804.840, 155.0
Trd, 004804.900, 148.0
Trd, 004805.650, 149
Trd, 004805.750, 148
Trd, 004806.460, 155
Trd, 004808.520, 157
Trd, 004812.840, 158.0
Trd, 004815.750, 148
Trd, 004824.290, 141
Trd, 004832.540, 154
Trd, 004832.600, 154
Trd, 004832.660, 147
Trd, 004832.680, 158
Trd, 004832.850, 147
Trd, 004832.900, 147
Trd, 004832.960, 156
Trd, 004833.300, 147.0
Trd, 004833.510, 157
Trd, 004833.520, 161.0
Trd, 004833.750, 152
Trd, 004833.780, 149
Trd, 004833.910, 147
Trd, 004835.150, 148.0
Trd, 004835.430, 152
Trd, 004836.970, 151
Trd, 004839.580, 148
Trd, 004842.660, 147
Trd, 004855.480, 155.0
Trd, 004862.350, 148.0
Trd, 004862.440, 153
Trd, 004862.740, 154
Trd, 004862.800, 147
Trd, 004863.360, 154
Trd, 004863.390, 148.0
Trd, 004863.540, 142
Trd, 004863.620, 145.0
Trd, 004863.700, 142
Trd, 004863.780, 155
Trd, 004864.430, 146
Trd, 004864.540, 152
Trd, 004865.230, 152
Trd, 004865.420, 155.0
Trd, 004868.880, 157
Trd, 004869.960, 158.0
Trd, 004871.190, 157
Trd, 004871.730, 151
Trd, 004873.860, 160.0
Trd, 004874.820, 161.0
Trd, 004892.370, 149
Trd, 004892.420, 147.0
Trd, 004892.430, 155
Trd, 004892.540, 161
Trd, 004892.770, 161.0
Trd, 004892.900, 164.0
Trd, 004892.910, 149
Trd, 004892.950, 148
Trd, 004893.010, 150.0
Trd, 004893.230, 148.0
Trd, 004893.240, 171.0
Trd, 004893.860, 155.0
Trd, 004894.690, 147
Trd, 004895.010, 156
Trd, 004895.370, 155
Trd, 004896.230, 142
Trd, 004900.700, 152
Trd, 004906.950, 155
Trd, 004908.530, 149
Trd, 004922.370, 173.0
Trd, 004922.380, 164
Trd, 004922.420, 184.0
Trd, 004922.470, 164
Trd, 004922.640, 159.0
Trd, 004922.720, 164
Trd, 004922.750, 165.0
Trd, 004922.840, 166
Trd, 004922.990, 166
Trd, 004923.220, 164.0
Trd, 004923.710, 160
Trd, 004924.000, 157
Trd, 004924.250, 158
Trd, 004924.420, 153
Trd, 004924.740, 152
Trd, 004926.370, 153
Trd, 004926.560, 148.0
Trd, 004929.590, 149
Trd, 004931.620, 149
Trd, 004935.220, 142
Trd, 004937.550, 152
Trd, 004952.420, 148
Trd, 004952.450, 154
Trd, 004952.490, 161.0
Trd, 004952.510, 142
Trd, 004952.540, 175
Trd, 004952.650, 137
Trd, 004952.790, 158
Trd, 004952.850, 152
Trd, 004952.910, 151
Trd, 004953.080, 148.0
Trd, 004953.310, 155.0
Trd, 004953.570, 148
Trd, 004953.580, 156
Trd, 004954.370, 156
Trd, 004954.540, 164.0
Trd, 004954.940, 144
Trd, 004957.740, 148.0
Trd, 004959.200, 152
Trd, 004959.720, 153
Trd, 004964.280, 158.0
Trd, 004982.350, 158.0
Trd, 004982.370, 137.0
Trd, 004982.500, 157
Trd, 004982.540, 141.0
Trd, 004982.890, 145
Trd, 004983.050, 158
Trd, 004983.150, 158
Trd, 004983.510, 145
Trd, 004983.640, 147.0
Trd, 004983.780, 148.0
Trd, 004983.880, 150
Trd, 004983.900, 144
Trd, 004985.170, 152
Trd, 004985.330, 152
Trd, 004986.470, 154
Trd, 004991.260, 155.0
