Trd, 000030.080, 75.0
Trd, 000030.200, 92.0
Trd, 000030.220, 120
Trd, 000030.360, 99.0
Trd, 000030.400, 146.0
Trd, 000030.540, 128
Trd, 000031.020, 158
Trd, 000031.220, 149
Trd, 000045.320, 141.0
Trd, 000048.160, 152
Trd, 000055.140, 146
Trd, 000060.120, 122
Trd, 000060.180, 149
Trd, 000060.380, 168.0
Trd, 000060.520, 155
Trd, 000060.880, 162
Trd, 000061.420, 141.0
Trd, 000061.600, 136
Trd, 000062.540, 152
Trd, 000062.720, 156
Trd, 000074.440, 157
Trd, 000076.600, 134
Trd, 000090.140, 103
Trd, 000090.340, 160
Trd, 000090.520, 138
Trd, 000090.740, 159
Trd, 000090.820, 135.0
Trd, 000090.840, 154
Trd, 000091.200, 160.0
Trd, 000091.280, 142.0
Trd, 000092.060, 152
Trd, 000095.020, 154
Trd, 000099.840, 151
Trd, 000120.300, 134.0
Trd, 000120.820, 148.0
Trd, 000120.980, 150
Trd, 000121.000, 147
Trd, 000121.320, 150
Trd, 000121.440, 146
Trd, 000122.980, 152
Trd, 000124.400, 149
Trd, 000126.300, 173
Trd, 000143.300, 139.0
Trd, 000150.180, 162
Trd, 000150.560, 158
Trd, 000150.660, 162
Trd, 000151.300, 165.0
Trd, 000151.480, 150.0
Trd, 000151.740, 149
Trd, 000153.960, 148
Trd, 000156.020, 147
Trd, 000157.960, 142.0
Trd, 000168.660, 135
Trd, 000178.180, 147
Trd, 000180.220, 162
Trd, 000180.260, 161.0
Trd, 000180.360, 160
Trd, 000180.580, 117
Trd, 000180.900, 146.0
Trd, 000181.300, 135
Trd, 000182.100, 144
Trd, 000182.860, 141
Trd, 000184.120, 139
Trd, 000188.880, 141.0
Trd, 000209.900, 141
Trd, 000210.440, 141.0
Trd, 000210.480, 139
Trd, 000210.920, 147
Trd, 000210.980, 144
Trd, 000211.020, 138
Trd, 000211.240, 148
Trd, 000211.760, 149.0
Trd, 000214.480, 153
Trd, 000223.240, 142
Trd, 000229.620, 141
Trd, 000240.280, 143
Trd, 000240.400, 129.0
Trd, 000240.580, 138
Trd, 000240.620, 168.0
Trd, 000241.120, 152
Trd, 000241.580, 155
Trd, 000241.680, 156
Trd, 000241.700, 151
Trd, 000244.120, 163.0
Trd, 000248.040, 144.0
Trd, 000256.020, 130
Trd, 000270.400, 153
Trd, 000270.660, 158
Trd, 000271.060, 148.0
Trd, 000271.360, 143
Trd, 000271.960, 149
Trd, 000272.820, 148
Trd, 000273.680, 150
Trd, 000274.000, 151
Trd, 000281.220, 146
Trd, 000289.880, 141.0
Trd, 000300.300, 143.0
Trd, 000300.460, 133
Trd, 000300.520, 151
Trd, 000300.920, 132.0
Trd, 000301.140, 103
Trd, 000301.240, 148
Trd, 000301.860, 137
Trd, 000301.940, 148.0
Trd, 000303.220, 163.0
Trd, 000310.400, 156
Trd, 000327.200, 169
Trd, 000330.360, 97
Trd, 000330.760, 162.0
Trd, 000330.780, 146
Trd, 000330.980, 132
Trd, 000331.440, 164
Trd, 000331.760, 146
Trd, 000331.800, 141
Trd, 000332.260, 145
Trd, 000336.300, 145.0
Trd, 000341.200, 156
Trd, 000346.280, 149
Trd, 000357.160, 148
Trd, 000360.520, 111.0
Trd, 000360.800, 92.0
Trd, 000361.020, 99.0
Trd, 000361.320, 145
Trd, 000361.840, 148.0
Trd, 000365.520, 171.0
Trd, 000368.940, 165
Trd, 000370.080, 164
Trd, 000372.920, 164
Trd, 000388.020, 142.0
Trd, 000390.500, 113.0
Trd, 000390.880, 146.0
Trd, 000391.000, 139.0
Trd, 000391.060, 136
Trd, 000391.100, 134
Trd, 000391.820, 165.0
Trd, 000392.220, 136
Trd, 000393.080, 159
Trd, 000396.680, 152
Trd, 000397.540, 153
Trd, 000406.660, 145
Trd, 000420.660, 146
Trd, 000420.720, 137
Trd, 000420.880, 147.0
Trd, 000421.140, 171.0
Trd, 000421.440, 155
Trd, 000421.880, 154
Trd, 000422.420, 153
Trd, 000429.220, 154
Trd, 000439.920, 153
Trd, 000440.240, 164
Trd, 000441.260, 143.0
Trd, 000442.740, 130.0
Trd, 000450.520, 166.0
Trd, 000450.800, 166.0
Trd, 000450.940, 139
Trd, 000451.620, 165
Trd, 000451.760, 164
Trd, 000451.840, 160
Trd, 000452.380, 162
Trd, 000457.040, 144.0
Trd, 000459.420, 136
Trd, 000460.400, 166
Trd, 000463.000, 154
Trd, 000468.860, 153
Trd, 000480.640, 100.0
Trd, 000480.860, 111.0
Trd, 000481.060, 146
Trd, 000481.100, 144.0
Trd, 000481.380, 134
Trd, 000482.040, 140
Trd, 000482.240, 146.0
Trd, 000488.200, 172
Trd, 000491.300, 170
Trd, 000498.780, 152
Trd, 000507.820, 150
Trd, 000510.780, 170.0
Trd, 000511.280, 141.0
Trd, 000512.460, 142
Trd, 000512.960, 150.0
Trd, 000513.180, 140
Trd, 000514.200, 155
Trd, 000519.060, 143
Trd, 000522.180, 141
Trd, 000531.160, 139
Trd, 000531.760, 138
Trd, 000540.700, 140
Trd, 000540.720, 122
Trd, 000540.800, 100.0
Trd, 000541.060, 150.0
Trd, 000542.140, 142.0
Trd, 000544.180, 177
Trd, 000548.240, 177
Trd, 000548.880, 176
Trd, 000549.220, 160.0
Trd, 000553.280, 155
Trd, 000567.040, 140
Trd, 000570.800, 74.0
Trd, 000570.940, 154
Trd, 000571.440, 171.0
Trd, 000571.520, 188
Trd, 000571.940, 185
Trd, 000572.380, 141
Trd, 000575.020, 142.0
Trd, 000575.900, 144.0
Trd, 000576.880, 156
Trd, 000589.100, 156
Trd, 000590.440, 134
Trd, 000600.780, 141
Trd, 000600.840, 155
Trd, 000601.040, 165.0
Trd, 000601.120, 140
Trd, 000602.240, 141.0
Trd, 000602.380, 155
Trd, 000602.820, 140
Trd, 000604.200, 154
Trd, 000616.560, 156
Trd, 000626.780, 159
Trd, 000630.700, 158
Trd, 000631.260, 158
Trd, 000631.520, 167.0
Trd, 000631.800, 164
Trd, 000632.660, 162
Trd, 000634.400, 167
Trd, 000635.940, 168
Trd, 000636.280, 153
Trd, 000648.780, 141.0
Trd, 000650.060, 150
Trd, 000654.660, 149
Trd, 000655.440, 139
Trd, 000660.820, 166.0
Trd, 000661.100, 165.0
Trd, 000661.400, 173
Trd, 000661.520, 139.0
Trd, 000662.400, 134
Trd, 000663.280, 133.0
Trd, 000670.180, 147
Trd, 000670.680, 151
Trd, 000678.420, 138
Trd, 000690.840, 163.0
Trd, 000690.900, 142
Trd, 000691.000, 135
Trd, 000691.120, 111.0
Trd, 000691.500, 148.0
Trd, 000692.040, 155
Trd, 000692.400, 139.0
Trd, 000692.900, 147
Trd, 000696.120, 139
Trd, 000702.380, 163
Trd, 000705.320, 164
Trd, 000720.900, 96.0
Trd, 000720.980, 112.0
Trd, 000721.260, 160.0
Trd, 000721.600, 169
Trd, 000722.180, 153
Trd, 000723.240, 161
Trd, 000724.120, 141.0
Trd, 000746.240, 173
Trd, 000751.280, 150.0
Trd, 000751.580, 163
Trd, 000751.760, 160
Trd, 000751.840, 159
Trd, 000752.240, 142.0
Trd, 000752.440, 161
Trd, 000753.220, 155
Trd, 000755.240, 138
Trd, 000759.620, 159
Trd, 000763.600, 169
Trd, 000781.060, 147.0
Trd, 000781.300, 140
Trd, 000781.640, 167
Trd, 000782.920, 171.0
Trd, 000783.240, 171
Trd, 000784.320, 170
Trd, 000784.640, 163.0
Trd, 000784.880, 155
Trd, 000794.620, 144.0
Trd, 000811.000, 133.0
Trd, 000811.200, 135
Trd, 000811.380, 134
Trd, 000811.560, 144.0
Trd, 000811.720, 109.0
Trd, 000811.760, 127
Trd, 000811.860, 144
Trd, 000812.180, 141.0
Trd, 000813.680, 148
Trd, 000815.120, 168
Trd, 000827.440, 149
Trd, 000841.180, 170.0
Trd, 000841.300, 154
Trd, 000841.780, 163.0
Trd, 000841.980, 143.0
Trd, 000842.540, 136
Trd, 000844.240, 147
Trd, 000846.800, 151
Trd, 000854.900, 145
Trd, 000855.200, 148
Trd, 000867.420, 145
Trd, 000871.140, 144
Trd, 000871.520, 144
Trd, 000871.860, 170.0
Trd, 000871.960, 163.0
Trd, 000872.440, 149.0
Trd, 000872.520, 157
Trd, 000873.460, 140.0
Trd, 000873.640, 160
Trd, 000875.020, 133
Trd, 000878.780, 147
Trd, 000891.460, 130.0
Trd, 000901.120, 154
Trd, 000901.260, 104.0
Trd, 000901.620, 165.0
Trd, 000901.740, 161.0
Trd, 000902.120, 155
Trd, 000902.320, 144.0
Trd, 000902.640, 140
Trd, 000904.440, 163
Trd, 000908.480, 161
Trd, 000908.680, 174
Trd, 000931.400, 77.0
Trd, 000931.420, 97.0
Trd, 000931.640, 112.0
Trd, 000931.660, 134
Trd, 000931.880, 104.0
Trd, 000932.180, 131.0
Trd, 000932.260, 144.0
Trd, 000932.620, 164.0
Trd, 000935.400, 171
Trd, 000935.540, 167
Trd, 000936.680, 140
Trd, 000942.060, 138
Trd, 000957.400, 148
Trd, 000961.240, 141
Trd, 000961.760, 140.0
Trd, 000962.100, 138
Trd, 000962.220, 147.0
Trd, 000962.900, 151
Trd, 000962.980, 159
Trd, 000963.380, 148
Trd, 000970.500, 147
Trd, 000972.800, 153
Trd, 000973.880, 146
Trd, 000985.500, 158
Trd, 000988.020, 131.0
Trd, 000991.300, 157
Trd, 000991.680, 148
Trd, 000991.700, 144
Trd, 000992.020, 132
Trd, 000992.880, 149.0
Trd, 000993.300, 148
Trd, 000994.000, 157
Trd, 000995.180, 156
Trd, 000998.280, 147
Trd, 001000.320, 149
Trd, 001021.340, 170.0
Trd, 001021.440, 148
Trd, 001021.540, 112.0
Trd, 001021.800, 136
Trd, 001022.240, 134
Trd, 001023.160, 141
Trd, 001024.900, 141.0
Trd, 001027.560, 147.0
Trd, 001028.600, 153
Trd, 001033.820, 151
Trd, 001040.340, 136
Trd, 001051.140, 129.0
Trd, 001051.420, 137
Trd, 001051.720, 136
Trd, 001052.060, 141
Trd, 001052.300, 142
Trd, 001052.520, 136
Trd, 001052.680, 132.0
Trd, 001054.420, 146.0
Trd, 001054.460, 140
Trd, 001056.220, 141
Trd, 001061.060, 158
Trd, 001081.360, 153
Trd, 001081.640, 162.0
Trd, 001081.760, 156
Trd, 001081.840, 141.0
Trd, 001082.020, 151
Trd, 001082.300, 145.0
Trd, 001082.820, 145
Trd, 001083.100, 170.0
Trd, 001083.500, 139
Trd, 001084.900, 135.0
Trd, 001086.980, 163
Trd, 001088.400, 116
Trd, 001103.460, 176
Trd, 001108.100, 138
Trd, 001111.480, 98.0
Trd, 001111.700, 144
Trd, 001112.080, 170.0
Trd, 001112.340, 164.0
Trd, 001112.760, 177
Trd, 001113.580, 177
Trd, 001114.060, 142.0
Trd, 001115.100, 147.0
Trd, 001115.540, 151
Trd, 001130.240, 146
Trd, 001141.560, 129.0
Trd, 001141.920, 148
Trd, 001142.300, 144
Trd, 001142.580, 146.0
Trd, 001143.740, 145
Trd, 001144.260, 146
Trd, 001144.440, 144
Trd, 001144.880, 168.0
Trd, 001144.920, 177
Trd, 001149.000, 161
Trd, 001153.540, 143.0
Trd, 001160.580, 144
Trd, 001171.640, 76.0
Trd, 001171.680, 97.0
Trd, 001171.780, 133.0
Trd, 001172.980, 187
Trd, 001174.140, 189
Trd, 001178.520, 189
Trd, 001179.540, 182
Trd, 001181.340, 165.0
Trd, 001183.500, 162.0
Trd, 001186.380, 150
Trd, 001201.520, 110.0
Trd, 001201.560, 104.0
Trd, 001201.640, 165.0
Trd, 001201.920, 113.0
Trd, 001203.060, 145.0
Trd, 001204.120, 143
Trd, 001204.320, 156
Trd, 001204.620, 157
Trd, 001208.380, 181
Trd, 001210.640, 177
Trd, 001211.840, 176
Trd, 001213.660, 136
Trd, 001231.740, 166
Trd, 001231.960, 165
Trd, 001232.200, 164.0
Trd, 001232.820, 142.0
Trd, 001233.220, 134
Trd, 001233.340, 124
Trd, 001233.860, 166
Trd, 001237.400, 165
Trd, 001245.000, 151
Trd, 001261.640, 147
Trd, 001261.840, 144.0
Trd, 001261.900, 130.0
Trd, 001262.160, 142
Trd, 001262.540, 143
Trd, 001262.720, 145
Trd, 001265.200, 169.0
Trd, 001266.020, 140.0
Trd, 001267.080, 160
Trd, 001284.040, 157
Trd, 001292.040, 164
Trd, 001292.140, 164
Trd, 001292.160, 163.0
Trd, 001292.660, 167
Trd, 001293.060, 157.0
Trd, 001293.500, 157
Trd, 001297.300, 165
Trd, 001301.760, 162
Trd, 001321.760, 138
Trd, 001321.900, 139.0
Trd, 001321.920, 158
Trd, 001322.660, 143.0
Trd, 001322.880, 146
Trd, 001323.220, 148
Trd, 001323.880, 155.0
Trd, 001351.780, 138
Trd, 001351.880, 165.0
Trd, 001352.060, 144
Trd, 001352.300, 154
Trd, 001352.620, 142.0
Trd, 001353.160, 136.0
Trd, 001355.420, 149
Trd, 001357.520, 149
Trd, 001375.480, 156
Trd, 001379.800, 153
Trd, 001381.780, 159
Trd, 001382.240, 138.0
Trd, 001382.300, 142.0
Trd, 001382.800, 142
Trd, 001383.140, 149
Trd, 001383.720, 130.0
Trd, 001387.740, 156.0
Trd, 001390.820, 157
Trd, 001411.840, 161.0
Trd, 001412.020, 166.0
Trd, 001412.260, 142.0
Trd, 001412.620, 151
Trd, 001412.840, 143.0
Trd, 001413.020, 140
Trd, 001413.460, 136.0
Trd, 001422.880, 155.0
Trd, 001426.940, 147
Trd, 001439.760, 148
Trd, 001441.900, 144
Trd, 001442.220, 147
Trd, 001442.400, 153
Trd, 001442.660, 144
Trd, 001443.940, 154
Trd, 001445.500, 148
Trd, 001445.600, 154
Trd, 001465.600, 153
Trd, 001471.860, 170.0
Trd, 001472.380, 131.0
Trd, 001472.460, 136.0
Trd, 001474.160, 138.0
Trd, 001476.000, 144.0
Trd, 001480.100, 150
Trd, 001502.160, 147
Trd, 001502.400, 134
Trd, 001502.580, 156.0
Trd, 001503.280, 142.0
Trd, 001503.840, 140.0
Trd, 001505.600, 144.0
Trd, 001506.720, 149
Trd, 001507.700, 156
Trd, 001522.760, 158
Trd, 001522.840, 157
Trd, 001532.200, 156
Trd, 001532.360, 154
Trd, 001532.940, 135.0
Trd, 001533.020, 137.0
Trd, 001534.200, 156.0
Trd, 001537.480, 154
Trd, 001539.740, 154
Trd, 001549.560, 152
Trd, 001562.060, 161.0
Trd, 001562.700, 144.0
Trd, 001562.840, 138
Trd, 001563.040, 151
Trd, 001564.520, 141
Trd, 001571.800, 150
Trd, 001572.040, 154
Trd, 001572.300, 157.0
Trd, 001589.900, 148
Trd, 001592.120, 165.0
Trd, 001592.200, 144.0
Trd, 001592.580, 137.0
Trd, 001592.640, 155.0
Trd, 001594.140, 138.0
Trd, 001601.360, 143.0
Trd, 001622.160, 140.0
Trd, 001622.300, 138
Trd, 001622.840, 168.0
Trd, 001622.880, 143.0
Trd, 001623.060, 176
Trd, 001623.300, 165
Trd, 001625.520, 165
Trd, 001627.460, 142.0
Trd, 001627.860, 166
Trd, 001652.280, 140.0
Trd, 001652.360, 148
Trd, 001652.520, 153
Trd, 001652.540, 150
Trd, 001653.940, 154
Trd, 001654.180, 149
Trd, 001656.740, 156.0
Trd, 001660.980, 156
Trd, 001674.820, 152
Trd, 001682.460, 138.0
Trd, 001682.500, 155.0
Trd, 001682.580, 151
Trd, 001683.180, 174
Trd, 001684.560, 169.0
Trd, 001684.900, 134
Trd, 001692.400, 161
Trd, 001699.140, 159
Trd, 001701.260, 154
Trd, 001712.400, 143.0
Trd, 001712.560, 150
Trd, 001712.940, 155.0
Trd, 001713.760, 147
Trd, 001714.860, 145
Trd, 001715.220, 152
Trd, 001715.280, 142.0
Trd, 001715.520, 154
Trd, 001715.920, 166
Trd, 001742.580, 154
Trd, 001742.620, 155
Trd, 001743.020, 155
Trd, 001743.080, 151
Trd, 001743.280, 157.0
Trd, 001744.120, 145.0
Trd, 001748.000, 143.0
Trd, 001754.400, 149
Trd, 001764.700, 167
Trd, 001772.360, 159
Trd, 001772.720, 143.0
Trd, 001772.740, 153
Trd, 001772.920, 143.0
Trd, 001773.220, 138
Trd, 001773.300, 164
Trd, 001773.740, 146
Trd, 001786.820, 154
Trd, 001802.420, 153
Trd, 001802.620, 154
Trd, 001802.760, 156.0
Trd, 001802.940, 165
Trd, 001803.400, 148
Trd, 001803.640, 146
Trd, 001804.140, 143.0
Trd, 001809.260, 147
Trd, 001809.500, 148
Trd, 001810.420, 155
Trd, 001832.760, 160
Trd, 001832.780, 160.0
Trd, 001832.940, 152
Trd, 001833.020, 155.0
Trd, 001833.080, 155
Trd, 001833.260, 139.0
Trd, 001833.360, 143.0
Trd, 001843.140, 157
Trd, 001854.480, 155
Trd, 001862.500, 150
Trd, 001862.740, 130.0
Trd, 001862.820, 137.0
Trd, 001863.200, 142.0
Trd, 001863.480, 147
Trd, 001865.000, 154
Trd, 001871.880, 156
Trd, 001880.820, 157.0
Trd, 001883.880, 146
Trd, 001892.620, 157.0
Trd, 001892.800, 157
Trd, 001892.860, 139.0
Trd, 001893.020, 144
Trd, 001893.480, 173
Trd, 001893.600, 168.0
Trd, 001894.920, 169
Trd, 001898.540, 170
Trd, 001901.840, 154
Trd, 001906.840, 162
Trd, 001922.740, 129.0
Trd, 001922.820, 156.0
Trd, 001922.960, 148
Trd, 001923.100, 160
Trd, 001923.820, 152
Trd, 001924.220, 149
Trd, 001927.800, 156
Trd, 001952.680, 138.0
Trd, 001952.940, 138.0
Trd, 001953.100, 146
Trd, 001953.560, 157.0
Trd, 001953.580, 144.0
Trd, 001955.020, 168
Trd, 001959.940, 161
Trd, 001972.220, 154
Trd, 001982.680, 154
Trd, 001982.720, 162
Trd, 001982.780, 161.0
Trd, 001983.060, 157.0
Trd, 001983.940, 153
Trd, 001984.480, 154
Trd, 001984.820, 156
Trd, 001987.520, 153
Trd, 002005.560, 142.0
Trd, 002012.740, 148
Trd, 002012.960, 138.0
Trd, 002013.000, 145
Trd, 002013.380, 166
Trd, 002014.460, 152
Trd, 002015.100, 149
Trd, 002015.720, 153
Trd, 002022.000, 155.0
Trd, 002027.600, 155
Trd, 002042.640, 169.0
Trd, 002043.220, 137.0
Trd, 002044.460, 146
Trd, 002044.720, 150
Trd, 002045.180, 147
Trd, 002045.740, 147
Trd, 002073.000, 163.0
Trd, 002073.160, 151
Trd, 002073.500, 156
Trd, 002075.480, 142.0
Trd, 002076.900, 152
Trd, 002078.260, 157.0
Trd, 002083.060, 144.0
Trd, 002102.960, 160.0
Trd, 002102.980, 150
Trd, 002103.140, 158
Trd, 002106.660, 137.0
Trd, 002107.400, 142.0
Trd, 002110.120, 147
Trd, 002112.520, 155.0
Trd, 002124.560, 147
Trd, 002133.060, 160.0
Trd, 002133.900, 130.0
Trd, 002134.360, 137
Trd, 002134.700, 137.0
Trd, 002136.260, 138.0
Trd, 002142.640, 143.0
Trd, 002163.040, 143.0
Trd, 002163.220, 149
Trd, 002163.340, 138.0
Trd, 002163.520, 157.0
Trd, 002163.740, 135
Trd, 002164.520, 164
Trd, 002165.340, 162
Trd, 002166.420, 159
Trd, 002182.620, 159
Trd, 002192.860, 130.0
Trd, 002193.080, 170.0
Trd, 002193.280, 162.0
Trd, 002193.600, 157.0
Trd, 002194.400, 157
Trd, 002197.260, 166
Trd, 002199.900, 164
Trd, 002200.240, 162
Trd, 002223.020, 140.0
Trd, 002223.260, 144.0
Trd, 002223.600, 148
Trd, 002223.820, 146
Trd, 002224.400, 148
Trd, 002226.180, 147
Trd, 002233.580, 153
Trd, 002239.720, 156.0
Trd, 002252.900, 146
Trd, 002253.560, 137
Trd, 002253.640, 153
Trd, 002253.780, 132
Trd, 002255.800, 155.0
Trd, 002259.800, 144.0
Trd, 002267.020, 151
Trd, 002277.020, 153
Trd, 002278.220, 149
Trd, 002283.020, 154
Trd, 002283.080, 150
Trd, 002283.260, 154
Trd, 002283.520, 153
Trd, 002284.160, 153
Trd, 002285.340, 152
Trd, 002291.980, 155
Trd, 002294.620, 157.0
Trd, 002313.040, 138.0
Trd, 002313.120, 156.0
Trd, 002313.520, 148
Trd, 002313.740, 145
Trd, 002313.920, 141.0
Trd, 002317.760, 171.0
Trd, 002343.060, 152
Trd, 002343.240, 151
Trd, 002343.400, 142.0
Trd, 002343.780, 152
Trd, 002344.280, 154
Trd, 002344.740, 140
Trd, 002348.620, 153
Trd, 002353.160, 155.0
Trd, 002373.140, 156.0
Trd, 002373.240, 150
Trd, 002373.900, 154
Trd, 002374.120, 156
Trd, 002374.740, 155
Trd, 002374.920, 160
Trd, 002379.160, 143.0
Trd, 002380.140, 153
Trd, 002403.300, 140.0
Trd, 002403.560, 160.0
Trd, 002403.800, 151
Trd, 002404.000, 138.0
Trd, 002404.800, 165
Trd, 002405.680, 157.0
Trd, 002406.160, 160
Trd, 002433.160, 157
Trd, 002433.520, 139.0
Trd, 002433.900, 164
Trd, 002434.120, 164.0
Trd, 002434.400, 164
Trd, 002434.700, 163
Trd, 002435.520, 161
Trd, 002435.580, 143.0
Trd, 002452.040, 159
Trd, 002463.220, 130.0
Trd, 002463.260, 162.0
Trd, 002464.040, 138.0
Trd, 002464.900, 137.0
Trd, 002466.080, 142.0
Trd, 002470.040, 147
Trd, 002493.440, 166.0
Trd, 002493.500, 165.0
Trd, 002493.820, 166
Trd, 002493.940, 166
Trd, 002494.020, 144.0
Trd, 002494.340, 156
Trd, 002495.960, 155
Trd, 002496.820, 158
Trd, 002502.400, 153
Trd, 002519.660, 160
Trd, 002523.360, 152
Trd, 002523.460, 140.0
Trd, 002523.780, 133.0
Trd, 002524.080, 149
Trd, 002524.440, 155.0
Trd, 002525.680, 148
Trd, 002537.460, 152
Trd, 002548.040, 155
Trd, 002553.580, 151.0
Trd, 002553.940, 135
Trd, 002554.220, 134
Trd, 002554.300, 141
Trd, 002554.380, 153
Trd, 002554.660, 164.0
Trd, 002555.080, 162.0
Trd, 002555.240, 154
Trd, 002555.740, 144.0
Trd, 002557.940, 152
Trd, 002570.820, 155
Trd, 002583.460, 160
Trd, 002583.700, 167
Trd, 002584.040, 168
Trd, 002584.060, 167
Trd, 002584.100, 161.0
Trd, 002584.280, 155.0
Trd, 002584.420, 150
Trd, 002587.540, 162.0
Trd, 002606.360, 149.0
Trd, 002613.480, 156
Trd, 002613.580, 164.0
Trd, 002614.040, 162
Trd, 002614.300, 155
Trd, 002614.660, 150.0
Trd, 002615.080, 158
Trd, 002615.420, 153
Trd, 002615.760, 153
Trd, 002620.300, 155.0
Trd, 002621.580, 157
Trd, 002643.460, 160.0
Trd, 002643.560, 159
Trd, 002643.580, 158
Trd, 002644.080, 163
Trd, 002644.940, 162
Trd, 002644.980, 162.0
Trd, 002646.980, 155
Trd, 002650.520, 154.0
Trd, 002651.680, 152
Trd, 002653.300, 154
Trd, 002656.540, 162
Trd, 002665.420, 149.0
Trd, 002673.600, 150.0
Trd, 002673.740, 149
Trd, 002674.280, 150.0
Trd, 002674.420, 151
Trd, 002674.440, 153
Trd, 002674.700, 153
Trd, 002675.180, 149
Trd, 002675.540, 153
Trd, 002688.300, 163
Trd, 002688.900, 162
Trd, 002702.660, 147
Trd, 002703.740, 164.0
Trd, 002703.780, 156
Trd, 002703.800, 151.0
Trd, 002703.820, 106
Trd, 002704.080, 162.0
Trd, 002704.280, 152
Trd, 002708.080, 158
Trd, 002709.240, 162
Trd, 002712.400, 161
Trd, 002712.520, 156
Trd, 002723.100, 153.0
Trd, 002723.160, 143.0
Trd, 002728.800, 138
Trd, 002733.560, 150
Trd, 002733.680, 164.0
Trd, 002733.780, 115
Trd, 002734.260, 150.0
Trd, 002735.700, 155.0
Trd, 002735.980, 150
Trd, 002736.640, 160.0
Trd, 002737.180, 159
Trd, 002744.360, 158
Trd, 002744.480, 150
Trd, 002745.720, 145
Trd, 002763.580, 149
Trd, 002763.740, 157
Trd, 002763.820, 150.0
Trd, 002764.080, 154
Trd, 002764.100, 150
Trd, 002764.620, 160.0
Trd, 002764.820, 164.0
Trd, 002767.840, 165
Trd, 002787.160, 160
Trd, 002787.380, 153.0
Trd, 002793.620, 148
Trd, 002793.780, 76.0
Trd, 002793.900, 148.0
Trd, 002793.940, 123
Trd, 002795.660, 173
Trd, 002796.640, 171
Trd, 002800.320, 162.0
Trd, 002818.280, 161
Trd, 002824.080, 163.0
Trd, 002824.180, 163
Trd, 002824.940, 162
Trd, 002825.800, 162
Trd, 002826.020, 160.0
Trd, 002826.700, 154.0
Trd, 002826.780, 151
Trd, 002827.680, 151.0
Trd, 002838.640, 158
Trd, 002854.140, 165
Trd, 002854.340, 163
Trd, 002854.500, 162
Trd, 002854.560, 162.0
Trd, 002854.860, 161.0
Trd, 002855.640, 154.0
Trd, 002855.660, 151.0
Trd, 002866.920, 155
Trd, 002869.520, 157
Trd, 002883.800, 153
Trd, 002884.300, 157
Trd, 002884.440, 162
Trd, 002884.780, 163.0
Trd, 002884.920, 160
Trd, 002885.480, 156
Trd, 002885.680, 153.0
Trd, 002887.720, 156
Trd, 002893.840, 156
Trd, 002906.240, 159
Trd, 002910.540, 152
Trd, 002914.040, 149
Trd, 002914.080, 93.0
Trd, 002914.440, 133
Trd, 002914.720, 133
Trd, 002915.460, 162.0
Trd, 002915.780, 157
Trd, 002916.160, 155
Trd, 002917.500, 155
Trd, 002923.380, 157
Trd, 002925.240, 154.0
Trd, 002927.380, 149.0
Trd, 002928.340, 159
Trd, 002943.020, 142.0
Trd, 002943.820, 139
Trd, 002943.880, 111.0
Trd, 002943.920, 147
Trd, 002944.260, 153.0
Trd, 002944.620, 151
Trd, 002944.660, 150.0
Trd, 002945.300, 154
Trd, 002945.460, 146
Trd, 002946.660, 157
Trd, 002948.540, 150
Trd, 002964.460, 160
Trd, 002972.900, 145
Trd, 002973.980, 75.0
Trd, 002974.280, 147.0
Trd, 002974.640, 172
Trd, 002974.940, 166
Trd, 002975.780, 167
Trd, 002976.180, 160.0
Trd, 002978.000, 163.0
Trd, 002981.920, 162
Trd, 002985.700, 153.0
Trd, 002989.800, 159
Trd, 003004.320, 157
Trd, 003004.380, 155.0
Trd, 003004.460, 151
Trd, 003004.660, 163.0
Trd, 003004.780, 153
Trd, 003005.520, 161
Trd, 003008.720, 155
Trd, 003011.900, 158
Trd, 003019.640, 158
Trd, 003023.340, 151.0
Trd, 003034.320, 154
Trd, 003034.440, 156
Trd, 003034.720, 153.0
Trd, 003034.760, 152
Trd, 003035.180, 150
Trd, 003035.380, 150.0
Trd, 003035.420, 144.0
Trd, 003035.900, 148
Trd, 003036.060, 157
Trd, 003040.340, 150
Trd, 003042.720, 147
Trd, 003055.020, 164
Trd, 003055.280, 138
Trd, 003064.020, 97.0
Trd, 003064.120, 112.0
Trd, 003064.460, 150.0
Trd, 003064.640, 155.0
Trd, 003065.400, 161.0
Trd, 003065.740, 158
Trd, 003088.740, 157
Trd, 003091.200, 156
Trd, 003094.540, 159
Trd, 003094.620, 156
Trd, 003094.800, 162.0
Trd, 003094.880, 161
Trd, 003095.040, 149
Trd, 003096.420, 158
Trd, 003097.140, 156
Trd, 003099.620, 157
Trd, 003110.760, 155.0
Trd, 003113.440, 155
Trd, 003117.240, 150.0
Trd, 003124.300, 152
Trd, 003124.340, 149
Trd, 003124.360, 149
Trd, 003124.580, 152
Trd, 003124.900, 162.0
Trd, 003125.240, 161
Trd, 003125.400, 145
Trd, 003125.620, 149.0
Trd, 003126.020, 150.0
Trd, 003131.860, 157
Trd, 003132.860, 153.0
Trd, 003154.220, 162
Trd, 003154.340, 159
Trd, 003154.360, 151
Trd, 003154.540, 155.0
Trd, 003154.760, 138
Trd, 003155.180, 143.0
Trd, 003155.220, 146.0
Trd, 003155.240, 127
Trd, 003157.580, 164.0
Trd, 003159.000, 160.0
Trd, 003160.100, 155
Trd, 003168.020, 149.0
Trd, 003184.280, 72.0
Trd, 003184.460, 141
Trd, 003184.560, 114
Trd, 003184.680, 139
Trd, 003184.700, 144.0
Trd, 003184.920, 149
Trd, 003185.160, 133
Trd, 003188.060, 164
Trd, 003195.660, 168
Trd, 003199.460, 169
Trd, 003212.300, 167
Trd, 003214.420, 154
Trd, 003214.640, 162
Trd, 003214.920, 161
Trd, 003215.060, 160
Trd, 003215.100, 162
Trd, 003215.540, 161
Trd, 003215.940, 160
Trd, 003217.740, 155.0
Trd, 003231.400, 150.0
Trd, 003236.800, 150
Trd, 003244.580, 151.0
Trd, 003244.760, 155.0
Trd, 003244.780, 152
Trd, 003245.320, 161
Trd, 003246.440, 168
Trd, 003246.460, 167
Trd, 003256.620, 166
Trd, 003257.360, 162.0
Trd, 003274.380, 114.0
Trd, 003274.540, 151
Trd, 003274.660, 140
Trd, 003274.720, 148
Trd, 003274.940, 116
Trd, 003274.980, 146
Trd, 003275.260, 150
Trd, 003276.220, 155.0
Trd, 003281.840, 162
Trd, 003285.780, 162
Trd, 003289.200, 151.0
Trd, 003289.380, 144
Trd, 003304.520, 144.0
Trd, 003304.660, 145.0
Trd, 003304.780, 137
Trd, 003305.000, 151.0
Trd, 003305.580, 153.0
Trd, 003309.240, 169
Trd, 003311.000, 169
Trd, 003311.700, 167
Trd, 003321.360, 164.0
Trd, 003326.860, 161.0
Trd, 003334.200, 150
Trd, 003334.400, 108.0
Trd, 003334.780, 149.0
Trd, 003335.120, 170
Trd, 003335.460, 156
Trd, 003335.980, 166
Trd, 003338.420, 167
Trd, 003338.660, 166
Trd, 003348.740, 162.0
Trd, 003352.180, 161.0
Trd, 003361.000, 153.0
Trd, 003364.500, 146.0
Trd, 003364.620, 124
Trd, 003364.740, 163.0
Trd, 003364.800, 133
Trd, 003365.280, 152
Trd, 003366.080, 154.0
Trd, 003366.300, 151.0
Trd, 003369.860, 152
Trd, 003372.400, 153
Trd, 003375.220, 155
Trd, 003394.520, 75.0
Trd, 003394.680, 149
Trd, 003394.760, 114
Trd, 003394.880, 108.0
Trd, 003395.020, 143
Trd, 003395.140, 131
Trd, 003395.620, 149
Trd, 003395.860, 149.0
Trd, 003412.580, 161.0
Trd, 003424.480, 149
Trd, 003424.600, 164
Trd, 003424.800, 162.0
Trd, 003424.880, 161.0
Trd, 003425.200, 161
Trd, 003425.700, 165
Trd, 003425.880, 162
Trd, 003425.960, 153.0
Trd, 003426.340, 155
Trd, 003439.260, 149.0
Trd, 003442.660, 151
Trd, 003444.540, 143
Trd, 003454.700, 149.0
Trd, 003455.120, 153.0
Trd, 003455.680, 162.0
Trd, 003457.620, 162.0
Trd, 003458.060, 158
Trd, 003465.860, 165
Trd, 003484.620, 159
Trd, 003484.760, 72.0
Trd, 003484.960, 151.0
Trd, 003485.260, 143
Trd, 003485.300, 138
Trd, 003485.460, 146.0
Trd, 003486.240, 145
Trd, 003486.500, 142
Trd, 003497.700, 163.0
Trd, 003500.380, 158
Trd, 003502.840, 165
Trd, 003508.760, 162
Trd, 003514.600, 123
Trd, 003514.720, 148
Trd, 003514.880, 158
Trd, 003515.040, 154.0
Trd, 003516.380, 162.0
Trd, 003517.780, 172
Trd, 003518.260, 167
Trd, 003520.480, 165
Trd, 003524.020, 155
Trd, 003536.320, 151.0
Trd, 003544.800, 156
Trd, 003545.040, 163.0
Trd, 003545.340, 162.0
Trd, 003546.360, 164
Trd, 003546.400, 159
Trd, 003546.540, 160
Trd, 003552.800, 161
Trd, 003553.160, 155.0
Trd, 003559.260, 161
Trd, 003574.840, 108
Trd, 003574.900, 98.0
Trd, 003574.940, 108.0
Trd, 003575.100, 149.0
Trd, 003575.540, 144.0
Trd, 003575.560, 116
Trd, 003576.020, 152
Trd, 003576.560, 150.0
Trd, 003576.760, 158
Trd, 003579.320, 150
Trd, 003581.420, 155
Trd, 003604.740, 149.0
Trd, 003605.160, 164.0
Trd, 003605.260, 161.0
Trd, 003605.340, 156
Trd, 003605.400, 137
Trd, 003607.220, 163
Trd, 003608.340, 158
Trd, 003613.320, 163
Trd, 003623.780, 157
Trd, 003634.780, 160.0
Trd, 003634.960, 154.0
Trd, 003635.320, 164
Trd, 003635.640, 153
Trd, 003636.040, 150.0
Trd, 003636.420, 158
Trd, 003636.960, 151
Trd, 003637.760, 149
Trd, 003644.280, 154
Trd, 003650.020, 159
Trd, 003655.200, 157
Trd, 003657.420, 142.0
Trd, 003664.900, 160
Trd, 003664.980, 114.0
Trd, 003665.280, 147.0
Trd, 003665.520, 143
Trd, 003666.320, 150
Trd, 003666.860, 152
Trd, 003667.340, 155.0
Trd, 003673.300, 159
Trd, 003680.540, 157
Trd, 003695.060, 152
Trd, 003695.260, 153
Trd, 003695.520, 160
Trd, 003695.560, 152
Trd, 003695.760, 151
Trd, 003696.420, 161
Trd, 003697.460, 161
Trd, 003704.300, 162
Trd, 003709.240, 155
Trd, 003715.980, 155.0
Trd, 003724.980, 158
Trd, 003725.160, 161.0
Trd, 003725.340, 157
Trd, 003725.560, 154.0
Trd, 003725.860, 162
Trd, 003727.160, 161
Trd, 003729.680, 153
Trd, 003741.240, 158
Trd, 003752.660, 149.0
Trd, 003755.000, 97.0
Trd, 003755.200, 154.0
Trd, 003755.320, 150.0
Trd, 003755.440, 151
Trd, 003755.460, 152
Trd, 003755.780, 149.0
Trd, 003755.900, 143.0
Trd, 003756.960, 153
Trd, 003757.580, 157
Trd, 003758.240, 153
Trd, 003768.140, 156
Trd, 003785.060, 199.0
Trd, 003785.120, 215.0
Trd, 003785.500, 258.0
Trd, 003785.520, 254.0
Trd, 003785.780, 271
Trd, 003788.560, 280
Trd, 003788.700, 276.0
Trd, 003789.020, 272.0
Trd, 003791.180, 249
Trd, 003793.920, 262
Trd, 003801.780, 260
Trd, 003815.340, 275.0
Trd, 003815.400, 269.0
Trd, 003815.460, 264
Trd, 003816.200, 267
Trd, 003816.600, 266
Trd, 003817.700, 269
Trd, 003823.000, 258.0
Trd, 003823.800, 258
Trd, 003828.900, 259
Trd, 003840.420, 252.0
Trd, 003845.040, 261
Trd, 003845.160, 199.0
Trd, 003845.260, 227.0
Trd, 003845.320, 277.0
Trd, 003845.460, 228.0
Trd, 003853.040, 266
Trd, 003854.600, 260
Trd, 003874.840, 264
Trd, 003875.100, 216.0
Trd, 003875.200, 198
Trd, 003875.320, 229.0
Trd, 003875.340, 257.0
Trd, 003876.500, 256.0
Trd, 003877.180, 250
Trd, 003879.660, 264
Trd, 003883.240, 263
Trd, 003885.660, 263
Trd, 003905.240, 271.0
Trd, 003905.280, 247
Trd, 003905.440, 221.0
Trd, 003905.860, 253.0
Trd, 003906.440, 254
Trd, 003908.220, 255
Trd, 003908.260, 257.0
Trd, 003908.520, 265
Trd, 003913.800, 256
Trd, 003920.200, 270
Trd, 003935.200, 277
Trd, 003935.360, 252.0
Trd, 003935.380, 246.0
Trd, 003935.580, 246
Trd, 003936.060, 266
Trd, 003936.660, 260.0
Trd, 003937.140, 233
Trd, 003939.200, 254
Trd, 003944.440, 256
Trd, 003945.340, 254
Trd, 003946.640, 254
Trd, 003965.400, 259.0
Trd, 003965.620, 264
Trd, 003965.700, 267
Trd, 003965.980, 263
Trd, 003966.260, 263
Trd, 003966.320, 243.0
Trd, 003967.860, 268.0
Trd, 003974.540, 278
Trd, 003995.220, 270
Trd, 003995.440, 272
Trd, 003995.480, 268
Trd, 003995.620, 231.0
Trd, 003995.940, 253
Trd, 003996.060, 244
Trd, 003997.340, 258.0
Trd, 003997.660, 256.0
Trd, 003998.660, 246.0
Trd, 004000.220, 279
Trd, 004004.780, 273.0
Trd, 004015.060, 255.0
Trd, 004016.760, 251
Trd, 004025.340, 255
Trd, 004025.380, 253
Trd, 004025.560, 248
Trd, 004025.640, 270.0
Trd, 004025.860, 277.0
Trd, 004026.260, 274
Trd, 004026.320, 234.0
Trd, 004030.460, 257
Trd, 004031.580, 255
Trd, 004033.800, 257
Trd, 004035.780, 253.0
Trd, 004038.960, 255
Trd, 004044.720, 243.0
Trd, 004045.980, 274
Trd, 004055.540, 216.0
Trd, 004055.560, 219.0
Trd, 004055.640, 227.0
Trd, 004055.960, 256
Trd, 004056.220, 258.0
Trd, 004056.440, 255
Trd, 004058.100, 261
Trd, 004058.500, 263
Trd, 004062.620, 265
Trd, 004070.860, 263
Trd, 004077.920, 262
Trd, 004078.400, 260
Trd, 004085.580, 272.0
Trd, 004085.660, 270
Trd, 004085.840, 277.0
Trd, 004086.060, 274
Trd, 004086.460, 275
Trd, 004086.980, 270
Trd, 004087.540, 254.0
Trd, 004088.360, 249
Trd, 004088.640, 267
Trd, 004093.720, 245.0
Trd, 004098.320, 247
Trd, 004101.980, 243.0
Trd, 004115.560, 274.0
Trd, 004115.580, 270.0
Trd, 004115.980, 264
Trd, 004116.080, 262
Trd, 004116.340, 265
Trd, 004116.580, 263
Trd, 004118.680, 257
Trd, 004120.540, 256
Trd, 004122.220, 255.0
Trd, 004124.300, 256
Trd, 004134.500, 270
Trd, 004135.720, 246
Trd, 004145.460, 273.0
Trd, 004145.740, 228.0
Trd, 004145.960, 241
Trd, 004146.880, 253.0
Trd, 004146.900, 253
Trd, 004147.200, 254
Trd, 004148.980, 257.0
Trd, 004149.620, 248
Trd, 004149.900, 247
Trd, 004158.820, 246.0
Trd, 004159.520, 250
Trd, 004160.860, 242
Trd, 004161.980, 254
Trd, 004175.660, 227.0
Trd, 004175.680, 244
Trd, 004175.820, 257
Trd, 004175.860, 238
Trd, 004176.040, 254
Trd, 004176.360, 262
Trd, 004176.500, 262
Trd, 004177.400, 273
Trd, 004178.600, 271
Trd, 004180.160, 256.0
Trd, 004183.100, 243.0
Trd, 004190.760, 262
Trd, 004205.900, 269
Trd, 004206.080, 269
Trd, 004206.160, 268.0
Trd, 004206.220, 268
Trd, 004206.440, 267
Trd, 004206.640, 253.0
Trd, 004207.320, 244.0
Trd, 004207.960, 255
Trd, 004208.200, 253
Trd, 004209.600, 257
Trd, 004214.400, 251
Trd, 004217.700, 268
Trd, 004221.440, 269
Trd, 004226.000, 242.0
Trd, 004235.520, 222.0
Trd, 004235.680, 246
Trd, 004236.340, 273.0
Trd, 004236.680, 269.0
Trd, 004237.440, 270
Trd, 004237.640, 269
Trd, 004240.500, 266
Trd, 004243.840, 260
Trd, 004246.320, 256
Trd, 004247.500, 254
Trd, 004252.100, 252
Trd, 004257.420, 251
Trd, 004265.480, 254.0
Trd, 004265.640, 268.0
Trd, 004266.080, 258
Trd, 004266.640, 252
Trd, 004267.200, 253
Trd, 004267.260, 250
Trd, 004267.540, 248
Trd, 004268.180, 248
Trd, 004268.340, 253
Trd, 004272.420, 253
Trd, 004283.940, 255
Trd, 004293.480, 245.0
Trd, 004295.640, 221.0
Trd, 004295.680, 257
Trd, 004295.920, 229.0
Trd, 004296.020, 202.0
Trd, 004296.960, 272.0
Trd, 004297.320, 252
Trd, 004297.340, 250
Trd, 004298.800, 250
Trd, 004303.320, 253
Trd, 004310.480, 247
Trd, 004316.640, 256.0
Trd, 004317.320, 261
Trd, 004325.560, 274.0
Trd, 004325.640, 215.0
Trd, 004325.860, 254.0
Trd, 004326.960, 254
Trd, 004327.040, 252
Trd, 004327.260, 254
Trd, 004328.400, 258
Trd, 004329.280, 251
Trd, 004331.180, 249
Trd, 004337.560, 256
Trd, 004340.760, 246.0
Trd, 004348.140, 253
Trd, 004355.660, 229.0
Trd, 004355.800, 253
Trd, 004355.920, 258
Trd, 004356.200, 262
Trd, 004356.480, 253
Trd, 004357.200, 261
Trd, 004357.620, 259
Trd, 004358.940, 254
Trd, 004365.700, 247
Trd, 004377.520, 256
Trd, 004385.720, 245.0
Trd, 004385.740, 256
Trd, 004386.060, 254
Trd, 004386.520, 250
Trd, 004386.560, 256.0
Trd, 004386.680, 250
Trd, 004386.840, 268
Trd, 004387.720, 258
Trd, 004388.260, 260
Trd, 004389.840, 259
Trd, 004391.100, 261
Trd, 004399.940, 244
Trd, 004416.020, 252
Trd, 004416.180, 254
Trd, 004416.260, 258
Trd, 004417.500, 256.0
Trd, 004417.680, 256
Trd, 004417.740, 254
Trd, 004418.380, 258
Trd, 004419.320, 253
Trd, 004419.760, 256.0
Trd, 004423.380, 250
Trd, 004424.380, 256
Trd, 004432.780, 244.0
Trd, 004445.680, 254.0
Trd, 004446.100, 247
Trd, 004446.380, 246
Trd, 004446.420, 244.0
Trd, 004446.640, 242.0
Trd, 004446.660, 250
Trd, 004446.900, 242
Trd, 004448.280, 253
Trd, 004448.620, 254
Trd, 004450.020, 247
Trd, 004454.180, 258.0
Trd, 004467.680, 250
Trd, 004475.600, 225
Trd, 004475.680, 220.0
Trd, 004475.800, 256.0
Trd, 004476.340, 261
Trd, 004477.020, 255
Trd, 004477.340, 252
Trd, 004478.620, 260
Trd, 004480.180, 253
Trd, 004481.800, 253
Trd, 004482.200, 252.0
Trd, 004486.820, 246.0
Trd, 004505.720, 215.0
Trd, 004505.900, 228.0
Trd, 004506.000, 242
Trd, 004506.020, 257
Trd, 004506.700, 252
Trd, 004507.200, 248
Trd, 004507.300, 254.0
Trd, 004508.060, 247
Trd, 004508.540, 252
Trd, 004512.940, 253
Trd, 004533.600, 259.0
Trd, 004536.140, 273.0
Trd, 004536.280, 255
Trd, 004536.400, 254
Trd, 004536.640, 269
Trd, 004537.180, 272
Trd, 004537.700, 254
Trd, 004538.960, 252.0
Trd, 004541.100, 256.0
Trd, 004547.440, 250
Trd, 004564.460, 253
Trd, 004565.840, 246
Trd, 004565.860, 243
Trd, 004566.460, 245.0
Trd, 004566.540, 244
Trd, 004567.080, 252
Trd, 004567.300, 246
Trd, 004568.140, 250
Trd, 004569.760, 248
Trd, 004585.900, 251
Trd, 004592.220, 257.0
Trd, 004595.840, 254.0
Trd, 004596.000, 260
Trd, 004596.180, 251
Trd, 004596.580, 251
Trd, 004596.960, 250
Trd, 004597.000, 257.0
Trd, 004597.060, 248
Trd, 004598.140, 245.0
Trd, 004599.240, 252
Trd, 004602.680, 252
Trd, 004614.360, 252
Trd, 004625.720, 256.0
Trd, 004625.800, 258
Trd, 004625.840, 247
Trd, 004626.120, 230.0
Trd, 004626.560, 243.0
Trd, 004626.720, 257
Trd, 004627.200, 245
Trd, 004627.760, 247
Trd, 004628.560, 245
Trd, 004639.380, 247
Trd, 004653.400, 256.0
Trd, 004654.040, 261
Trd, 004655.960, 276.0
Trd, 004656.040, 268.0
Trd, 004656.340, 252
Trd, 004656.400, 257.0
Trd, 004656.460, 246
Trd, 004656.500, 241.0
Trd, 004656.780, 259
Trd, 004657.880, 259
Trd, 004659.940, 254.0
Trd, 004662.080, 258
Trd, 004664.580, 254
Trd, 004685.980, 256.0
Trd, 004686.340, 249
Trd, 004686.440, 247
Trd, 004686.460, 251
Trd, 004686.640, 256.0
Trd, 004686.940, 254
Trd, 004687.340, 246.0
Trd, 004688.080, 239.0
Trd, 004688.160, 257
Trd, 004689.240, 228.0
Trd, 004695.180, 259
Trd, 004703.300, 245
Trd, 004709.340, 243
Trd, 004715.820, 228.0
Trd, 004715.980, 258.0
Trd, 004716.160, 261
Trd, 004716.480, 253.0
Trd, 004716.680, 258
Trd, 004717.440, 255
Trd, 004717.900, 255
Trd, 004718.280, 256
Trd, 004719.160, 247.0
Trd, 004719.620, 255
Trd, 004729.840, 260
Trd, 004745.000, 243.0
Trd, 004745.800, 218.0
Trd, 004745.900, 241
Trd, 004746.560, 268.0
Trd, 004746.980, 255.0
Trd, 004747.660, 246.0
Trd, 004747.820, 257.0
Trd, 004748.080, 247
Trd, 004748.240, 269
Trd, 004760.300, 259
Trd, 004762.360, 261
Trd, 004774.460, 262
Trd, 004776.000, 254
Trd, 004776.280, 227.0
Trd, 004776.420, 218.0
Trd, 004776.980, 228
Trd, 004777.180, 231.0
Trd, 004777.260, 229
Trd, 004777.380, 241
Trd, 004777.780, 242
Trd, 004778.220, 258.0
Trd, 004783.140, 258
Trd, 004788.640, 256
Trd, 004798.820, 262
Trd, 004806.120, 262
Trd, 004806.260, 276.0
Trd, 004806.620, 245.0
Trd, 004806.700, 255
Trd, 004806.860, 269
Trd, 004807.420, 256
Trd, 004807.640, 255.0
Trd, 004807.780, 235.0
Trd, 004808.960, 267
Trd, 004820.940, 249
Trd, 004830.780, 257
Trd, 004835.840, 200.0
Trd, 004836.180, 256.0
Trd, 004836.580, 291
Trd, 004836.880, 280
Trd, 004837.380, 282
Trd, 004838.840, 273.0
Trd, 004838.980, 277
Trd, 004840.580, 276
Trd, 004843.120, 270.0
Trd, 004847.080, 265
Trd, 004865.720, 255
Trd, 004866.200, 201.0
Trd, 004866.300, 226.0
Trd, 004866.340, 254
Trd, 004866.480, 220
Trd, 004866.700, 230
Trd, 004867.120, 256
Trd, 004867.280, 244.0
Trd, 004867.780, 273.0
Trd, 004868.280, 260
Trd, 004869.000, 250
Trd, 004870.560, 253
Trd, 004878.900, 256.0
Trd, 004885.260, 242.0
Trd, 004896.000, 255.0
Trd, 004896.280, 251
Trd, 004896.500, 238.0
Trd, 004896.580, 254
Trd, 004897.540, 244.0
Trd, 004897.620, 257
Trd, 004898.080, 241.0
Trd, 004898.120, 258
Trd, 004899.100, 251
Trd, 004901.240, 252
Trd, 004903.880, 260.0
Trd, 004917.240, 266
Trd, 004917.640, 265
Trd, 004926.020, 271.0
Trd, 004926.300, 273.0
Trd, 004926.340, 266
Trd, 004926.460, 265
Trd, 004926.480, 254.0
Trd, 004926.540, 259
Trd, 004927.620, 257.0
Trd, 004933.100, 255
Trd, 004937.420, 261
Trd, 004940.260, 246.0
Trd, 004942.280, 258
Trd, 004946.560, 249
Trd, 004956.340, 285
Trd, 004956.400, 274.0
Trd, 004956.420, 270.0
Trd, 004956.540, 277
Trd, 004956.740, 273
Trd, 004956.780, 264
Trd, 004957.620, 267
Trd, 004958.440, 252.0
Trd, 004962.760, 273
Trd, 004985.700, 254
Trd, 004986.000, 259
Trd, 004986.320, 216.0
Trd, 004986.420, 239.0
Trd, 004986.440, 260.0
Trd, 004986.600, 230.0
Trd, 004986.780, 253.0
Trd, 004986.920, 246.0
Trd, 004987.100, 277.0
Trd, 004987.820, 258
Trd, 004995.400, 259
Trd, 004998.780, 280
