Trd, 000030.120, 144
Trd, 000030.140, 140
Trd, 000030.220, 144.0
Trd, 000030.420, 182
Trd, 000030.680, 142
Trd, 000031.320, 129.0
Trd, 000032.020, 117
Trd, 000032.140, 128
Trd, 000034.180, 145
Trd, 000036.360, 158
Trd, 000043.240, 119
Trd, 000060.160, 135
Trd, 000060.320, 132
Trd, 000060.900, 121
Trd, 000061.160, 125.0
Trd, 000061.280, 115.0
Trd, 000067.240, 130
Trd, 000071.200, 133
Trd, 000071.920, 139
Trd, 000083.140, 140
Trd, 000085.900, 139
Trd, 000090.200, 192.0
Trd, 000090.280, 120
Trd, 000090.500, 123
Trd, 000090.620, 130.0
Trd, 000091.300, 130
Trd, 000092.780, 130
Trd, 000093.640, 131
Trd, 000095.280, 120
Trd, 000095.400, 130
Trd, 000103.040, 119
Trd, 000111.820, 116.0
Trd, 000114.100, 132
Trd, 000120.480, 131
Trd, 000120.640, 121
Trd, 000120.880, 123
Trd, 000121.440, 128.0
Trd, 000121.740, 118
Trd, 000122.660, 126
Trd, 000124.000, 130
Trd, 000124.320, 132
Trd, 000127.140, 125
Trd, 000132.760, 127
Trd, 000136.180, 140
Trd, 000150.500, 135
Trd, 000150.880, 131
Trd, 000151.340, 120
Trd, 000152.180, 134
Trd, 000152.280, 130
Trd, 000154.220, 131
Trd, 000154.620, 130
Trd, 000159.260, 117.0
Trd, 000160.640, 130
Trd, 000170.080, 136
Trd, 000172.500, 145
Trd, 000180.600, 131
Trd, 000180.640, 131
Trd, 000180.680, 141
Trd, 000181.480, 148
Trd, 000182.840, 140.0
Trd, 000183.340, 137
Trd, 000183.540, 134
Trd, 000184.380, 118
Trd, 000200.120, 138
Trd, 000208.340, 118
Trd, 000210.320, 144
Trd, 000210.420, 126.0
Trd, 000210.760, 134
Trd, 000210.800, 149
Trd, 000215.580, 144
Trd, 000215.620, 144
Trd, 000217.060, 130
Trd, 000218.420, 121
Trd, 000218.520, 120
Trd, 000240.400, 153
Trd, 000240.700, 163
Trd, 000240.820, 124.0
Trd, 000241.020, 174.0
Trd, 000241.240, 144
Trd, 000243.220, 147
Trd, 000243.780, 137
Trd, 000251.580, 138
Trd, 000253.260, 121
Trd, 000257.800, 143
Trd, 000261.120, 116.0
Trd, 000268.000, 124
Trd, 000270.640, 128.0
Trd, 000270.720, 169
Trd, 000271.960, 142
Trd, 000272.060, 140.0
Trd, 000272.380, 132
Trd, 000272.580, 143
Trd, 000277.660, 124
Trd, 000277.740, 148
Trd, 000282.520, 142
Trd, 000289.380, 144
Trd, 000298.340, 121
Trd, 000300.940, 140.0
Trd, 000301.000, 144
Trd, 000301.260, 144
Trd, 000302.400, 136
Trd, 000302.480, 144
Trd, 000303.220, 136
Trd, 000304.120, 136
Trd, 000304.540, 123
Trd, 000305.560, 126
Trd, 000306.500, 128
Trd, 000310.100, 142
Trd, 000318.100, 121
Trd, 000330.600, 125.0
Trd, 000331.140, 114.0
Trd, 000331.400, 128
Trd, 000331.740, 124
Trd, 000332.360, 125
Trd, 000332.380, 123
Trd, 000333.580, 133
Trd, 000334.300, 143
Trd, 000342.140, 143
Trd, 000346.640, 156
Trd, 000360.460, 138
Trd, 000360.600, 150
Trd, 000361.000, 130
Trd, 000361.280, 131
Trd, 000361.740, 126
Trd, 000362.520, 124.0
Trd, 000365.520, 123
Trd, 000368.000, 132
Trd, 000370.300, 125
Trd, 000371.140, 122
Trd, 000372.760, 122
Trd, 000378.360, 116.0
Trd, 000390.620, 130
Trd, 000390.700, 139.0
Trd, 000390.740, 176
Trd, 000391.620, 135
Trd, 000393.640, 138
Trd, 000394.900, 140
Trd, 000398.960, 137
Trd, 000406.180, 120
Trd, 000415.480, 138
Trd, 000420.620, 124.0
Trd, 000420.720, 146
Trd, 000421.160, 121
Trd, 000421.340, 135
Trd, 000422.080, 139
Trd, 000422.440, 134
Trd, 000429.020, 144.0
Trd, 000429.240, 144
Trd, 000429.600, 152
Trd, 000444.180, 131
Trd, 000450.540, 124
Trd, 000450.680, 131
Trd, 000451.080, 139
Trd, 000452.380, 158
Trd, 000452.920, 139.0
Trd, 000454.600, 138
Trd, 000456.960, 145
Trd, 000457.980, 145
Trd, 000459.320, 119
Trd, 000461.080, 118
Trd, 000478.580, 126
Trd, 000478.980, 129
Trd, 000481.100, 159
Trd, 000481.280, 143.0
Trd, 000481.420, 189.0
Trd, 000481.720, 172
Trd, 000482.080, 154
Trd, 000483.240, 147
Trd, 000487.240, 160
Trd, 000501.540, 140
Trd, 000510.940, 154
Trd, 000511.120, 129.0
Trd, 000511.320, 142
Trd, 000511.420, 155
Trd, 000511.600, 142.0
Trd, 000513.260, 136
Trd, 000513.740, 137
Trd, 000514.000, 133
Trd, 000515.100, 132
Trd, 000515.920, 123
Trd, 000536.760, 128
Trd, 000540.800, 131
Trd, 000540.880, 125
Trd, 000541.120, 129.0
Trd, 000541.660, 126
Trd, 000541.820, 144
Trd, 000542.040, 131
Trd, 000544.800, 130
Trd, 000547.760, 150
Trd, 000552.300, 119
Trd, 000571.220, 137
Trd, 000571.280, 128
Trd, 000571.420, 120
Trd, 000571.740, 124.0
Trd, 000571.920, 128
Trd, 000572.440, 133
Trd, 000572.460, 130
Trd, 000573.240, 132
Trd, 000574.800, 140
Trd, 000582.200, 118
Trd, 000590.940, 154
Trd, 000595.060, 115
Trd, 000601.080, 121
Trd, 000601.120, 128.0
Trd, 000601.280, 129
Trd, 000601.620, 124
Trd, 000601.680, 132
Trd, 000602.820, 123
Trd, 000603.480, 150
Trd, 000603.760, 129
Trd, 000615.480, 120
Trd, 000630.780, 125
Trd, 000630.960, 125.0
Trd, 000631.220, 129
Trd, 000631.360, 134
Trd, 000631.600, 138
Trd, 000632.920, 128
Trd, 000633.060, 126
Trd, 000635.240, 138
Trd, 000638.740, 133
Trd, 000659.500, 120
Trd, 000660.880, 131
Trd, 000660.960, 129
Trd, 000661.480, 154
Trd, 000661.640, 145.0
Trd, 000661.900, 138
Trd, 000662.040, 151
Trd, 000662.100, 123
Trd, 000666.320, 134
Trd, 000669.700, 142
Trd, 000673.580, 130
Trd, 000683.100, 135
Trd, 000691.100, 103
Trd, 000691.280, 127
Trd, 000691.600, 123
Trd, 000691.820, 129.0
Trd, 000692.300, 134
Trd, 000696.920, 134
Trd, 000698.020, 133
Trd, 000698.160, 132
Trd, 000700.960, 132
Trd, 000716.020, 119
Trd, 000721.100, 189.0
Trd, 000721.400, 127.0
Trd, 000721.640, 143.0
Trd, 000723.160, 137
Trd, 000724.560, 130
Trd, 000728.080, 135
Trd, 000729.020, 133
Trd, 000733.920, 132
Trd, 000751.020, 157
Trd, 000751.600, 137
Trd, 000751.680, 160
Trd, 000752.040, 135
Trd, 000752.560, 143.0
Trd, 000752.700, 133
Trd, 000760.040, 139
Trd, 000763.000, 133
Trd, 000770.000, 140
Trd, 000770.560, 126
Trd, 000781.000, 144.0
Trd, 000781.160, 134
Trd, 000781.300, 161
Trd, 000781.560, 163
Trd, 000782.560, 149
Trd, 000783.300, 148
Trd, 000783.360, 124
Trd, 000783.820, 119
Trd, 000785.500, 119
Trd, 000791.020, 147
Trd, 000803.180, 142
Trd, 000811.300, 126.0
Trd, 000811.860, 164
Trd, 000812.780, 156
Trd, 000813.120, 151
Trd, 000818.520, 155
Trd, 000819.500, 153
Trd, 000820.420, 125
Trd, 000841.500, 151
Trd, 000842.200, 152
Trd, 000842.960, 149
Trd, 000843.020, 146
Trd, 000844.640, 145
Trd, 000845.060, 139.0
Trd, 000845.640, 141
Trd, 000865.240, 148
Trd, 000865.900, 119
Trd, 000871.520, 151
Trd, 000871.740, 145.0
Trd, 000871.900, 141
Trd, 000871.980, 140
Trd, 000873.600, 140
Trd, 000876.360, 133
Trd, 000879.220, 130
Trd, 000880.940, 137
Trd, 000881.400, 137
Trd, 000892.080, 122
Trd, 000894.180, 118.0
Trd, 000901.400, 127.0
Trd, 000901.860, 126
Trd, 000902.880, 126
Trd, 000903.140, 126
Trd, 000904.240, 132
Trd, 000906.920, 135
Trd, 000908.540, 131
Trd, 000908.620, 130
Trd, 000913.400, 141
Trd, 000919.820, 131
Trd, 000923.480, 116.0
Trd, 000931.000, 116
Trd, 000931.140, 164
Trd, 000931.700, 140
Trd, 000933.020, 119
Trd, 000933.220, 124
Trd, 000934.300, 121
Trd, 000934.920, 121
Trd, 000939.320, 119
Trd, 000940.680, 119.0
Trd, 000944.700, 130
Trd, 000957.160, 125
Trd, 000961.240, 123
Trd, 000961.520, 144.0
Trd, 000961.640, 152
Trd, 000962.120, 129.0
Trd, 000962.300, 131
Trd, 000962.400, 135
Trd, 000965.480, 138
Trd, 000975.020, 132
Trd, 000977.340, 134
Trd, 000978.640, 120
Trd, 000983.700, 119.0
Trd, 000991.280, 139.0
Trd, 000991.900, 122
Trd, 000992.280, 121
Trd, 000992.840, 125
Trd, 000995.980, 125
Trd, 000996.120, 124
Trd, 000997.840, 129.0
Trd, 001003.300, 131
Trd, 001021.340, 133
Trd, 001021.420, 127.0
Trd, 001021.740, 127
Trd, 001021.800, 186.0
Trd, 001022.980, 132
Trd, 001023.760, 138
Trd, 001030.200, 138
Trd, 001035.980, 131
Trd, 001042.440, 134
Trd, 001042.600, 122
Trd, 001048.060, 121
Trd, 001051.300, 187.0
Trd, 001052.280, 144
Trd, 001053.480, 132
Trd, 001055.600, 125
Trd, 001058.980, 125
Trd, 001062.280, 133
Trd, 001063.240, 136
Trd, 001067.540, 130
Trd, 001069.680, 136
Trd, 001081.380, 173.0
Trd, 001081.660, 142
Trd, 001082.040, 131
Trd, 001082.360, 129
Trd, 001082.460, 133
Trd, 001083.360, 141.0
Trd, 001085.440, 135
Trd, 001085.500, 144
Trd, 001093.300, 121
Trd, 001095.860, 115.0
Trd, 001098.240, 107.0
Trd, 001107.120, 125
Trd, 001111.680, 160
Trd, 001111.760, 143.0
Trd, 001112.260, 129
Trd, 001112.300, 139
Trd, 001112.560, 132
Trd, 001113.600, 140
Trd, 001114.680, 135
Trd, 001114.800, 139
Trd, 001117.020, 128
Trd, 001132.600, 124
Trd, 001141.600, 139.0
Trd, 001141.960, 162
Trd, 001142.300, 145
Trd, 001143.120, 141
Trd, 001144.020, 141
Trd, 001144.260, 140
Trd, 001146.720, 145
Trd, 001152.120, 129
Trd, 001154.180, 119.0
Trd, 001157.440, 144
Trd, 001171.540, 128.0
Trd, 001172.140, 142.0
Trd, 001173.140, 161
Trd, 001174.440, 169
Trd, 001176.100, 153
Trd, 001179.400, 155
Trd, 001198.920, 155
Trd, 001200.200, 137
Trd, 001201.060, 144
Trd, 001201.720, 141.0
Trd, 001202.100, 132
Trd, 001202.380, 153
Trd, 001202.800, 175.0
Trd, 001206.200, 151
Trd, 001207.300, 140
Trd, 001209.640, 138
Trd, 001213.940, 127
Trd, 001218.200, 119
Trd, 001224.540, 135
Trd, 001229.180, 142
Trd, 001231.620, 132
Trd, 001232.720, 155
Trd, 001232.880, 142
Trd, 001232.980, 141.0
Trd, 001233.820, 138
Trd, 001235.700, 138
Trd, 001235.900, 144
Trd, 001239.040, 139
Trd, 001243.160, 124
Trd, 001247.440, 117
Trd, 001252.840, 133
Trd, 001261.820, 122
Trd, 001261.940, 128.0
Trd, 001262.140, 153
Trd, 001263.020, 148
Trd, 001265.420, 142
Trd, 001266.240, 143
Trd, 001267.540, 141
Trd, 001271.420, 139
Trd, 001291.780, 187.0
Trd, 001291.880, 158
Trd, 001296.640, 149
Trd, 001298.300, 149
Trd, 001302.280, 151
Trd, 001322.240, 151
Trd, 001322.940, 153
Trd, 001323.920, 150
Trd, 001325.760, 150
Trd, 001335.020, 147
Trd, 001351.860, 147
Trd, 001351.920, 168.0
Trd, 001353.580, 152
Trd, 001356.700, 147
Trd, 001357.720, 149.0
Trd, 001362.940, 145
Trd, 001370.060, 143.0
Trd, 001381.980, 149
Trd, 001382.700, 148.0
Trd, 001383.240, 148
Trd, 001384.400, 147
Trd, 001394.680, 146
Trd, 001396.860, 145
Trd, 001401.440, 144.0
Trd, 001403.940, 151
Trd, 001407.620, 158
Trd, 001412.220, 145
Trd, 001412.980, 149.0
Trd, 001413.660, 151
Trd, 001416.420, 150
Trd, 001429.300, 143.0
Trd, 001430.540, 146
Trd, 001442.180, 146
Trd, 001445.140, 144
Trd, 001446.340, 145
Trd, 001460.280, 146
Trd, 001469.000, 148.0
Trd, 001472.900, 148
Trd, 001473.160, 149.0
Trd, 001474.960, 148
Trd, 001487.440, 145
Trd, 001502.480, 145
Trd, 001503.200, 143
Trd, 001503.500, 142.0
Trd, 001503.860, 148.0
Trd, 001504.120, 145
Trd, 001532.320, 146
Trd, 001532.820, 146
Trd, 001543.160, 146
Trd, 001544.040, 149.0
Trd, 001544.600, 142.0
Trd, 001561.980, 154
Trd, 001562.100, 151
Trd, 001569.620, 148
Trd, 001572.600, 148
Trd, 001592.460, 146
Trd, 001592.560, 148.0
Trd, 001592.700, 152
Trd, 001593.060, 165.0
Trd, 001600.440, 155
Trd, 001616.100, 148
Trd, 001622.640, 150
Trd, 001623.800, 150
Trd, 001624.240, 151
Trd, 001624.320, 146
Trd, 001624.620, 145
Trd, 001624.940, 151
Trd, 001625.520, 146
Trd, 001644.700, 147
Trd, 001652.420, 148
Trd, 001652.700, 149.0
Trd, 001652.920, 148
Trd, 001653.520, 147
Trd, 001656.200, 146
Trd, 001656.980, 150
Trd, 001667.480, 158
Trd, 001672.620, 139.0
Trd, 001682.460, 147.0
Trd, 001685.020, 153
Trd, 001687.820, 150
Trd, 001689.000, 150
Trd, 001689.260, 149
Trd, 001693.860, 153
Trd, 001708.060, 152
Trd, 001712.540, 152
Trd, 001712.780, 150
Trd, 001713.580, 153
Trd, 001714.520, 150
Trd, 001715.400, 154
Trd, 001716.480, 155
Trd, 001717.080, 140.0
Trd, 001742.500, 150
Trd, 001743.060, 147
Trd, 001743.860, 147
Trd, 001744.200, 150
Trd, 001747.340, 156
Trd, 001748.740, 146
Trd, 001749.560, 152
Trd, 001758.400, 140.0
Trd, 001772.500, 163
Trd, 001772.740, 154
Trd, 001772.880, 148.0
Trd, 001777.860, 146
Trd, 001779.080, 153
Trd, 001780.300, 146
Trd, 001781.060, 153
Trd, 001792.300, 143.0
Trd, 001802.620, 160
Trd, 001803.360, 145
Trd, 001803.560, 152
Trd, 001810.540, 150
Trd, 001813.260, 148
Trd, 001818.920, 145
Trd, 001826.660, 143
Trd, 001832.880, 148.0
Trd, 001833.480, 151
Trd, 001838.400, 145
Trd, 001846.240, 147
Trd, 001851.560, 146
Trd, 001863.140, 148
Trd, 001863.340, 149
Trd, 001866.420, 147
Trd, 001869.680, 149.0
Trd, 001875.280, 145
Trd, 001892.540, 148
Trd, 001892.680, 176.0
Trd, 001893.660, 144.0
Trd, 001893.820, 144
Trd, 001894.340, 147.0
Trd, 001920.520, 145
Trd, 001922.840, 149
Trd, 001922.980, 145
Trd, 001925.900, 148.0
Trd, 001927.560, 145.0
Trd, 001934.940, 145
Trd, 001942.500, 148
Trd, 001952.660, 156
Trd, 001952.740, 149
Trd, 001953.400, 149.0
Trd, 001962.740, 151
Trd, 001967.060, 139.0
Trd, 001967.360, 134
Trd, 001982.980, 146
Trd, 001983.240, 148.0
Trd, 001983.760, 146
Trd, 001984.240, 147
Trd, 001984.260, 161
Trd, 002002.840, 146
Trd, 002003.300, 144
Trd, 002012.980, 150
Trd, 002013.920, 149.0
Trd, 002019.980, 144
Trd, 002026.680, 144
Trd, 002028.380, 143
Trd, 002038.700, 144
Trd, 002043.660, 144
Trd, 002043.680, 145
Trd, 002050.260, 147
Trd, 002054.680, 149
Trd, 002058.780, 143
Trd, 002064.660, 143
Trd, 002073.080, 142
Trd, 002073.580, 145
Trd, 002073.800, 142
Trd, 002073.840, 145
Trd, 002087.400, 149.0
Trd, 002101.260, 151
Trd, 002103.240, 148.0
Trd, 002103.340, 148
Trd, 002105.920, 146
Trd, 002113.640, 147
Trd, 002118.760, 144.0
Trd, 002126.540, 144
Trd, 002132.840, 146
Trd, 002132.880, 158
Trd, 002133.580, 162
Trd, 002133.740, 166.0
Trd, 002134.180, 159
Trd, 002134.700, 148.0
Trd, 002141.860, 150
Trd, 002152.640, 140.0
Trd, 002162.940, 150
Trd, 002163.400, 148
Trd, 002163.440, 146
Trd, 002168.560, 145
Trd, 002170.380, 147
Trd, 002170.520, 147.0
Trd, 002179.620, 142.0
Trd, 002180.540, 140
Trd, 002193.800, 146
Trd, 002193.920, 147.0
Trd, 002200.760, 143
Trd, 002212.420, 150
Trd, 002217.480, 149
Trd, 002223.120, 151
Trd, 002223.980, 158
Trd, 002224.180, 157
Trd, 002224.200, 159
Trd, 002224.980, 160
Trd, 002227.140, 144.0
Trd, 002252.920, 159
Trd, 002253.040, 147.0
Trd, 002254.380, 145.0
Trd, 002255.320, 143
Trd, 002283.040, 142
Trd, 002283.420, 141
Trd, 002287.180, 144
Trd, 002298.900, 148
Trd, 002304.820, 148.0
Trd, 002313.420, 149.0
Trd, 002313.620, 150
Trd, 002315.980, 149
Trd, 002338.580, 144
Trd, 002339.000, 147
Trd, 002343.240, 146
Trd, 002343.420, 147
Trd, 002344.560, 147
Trd, 002347.560, 148.0
Trd, 002358.020, 149
Trd, 002362.080, 144
Trd, 002374.400, 147.0
Trd, 002377.420, 148
Trd, 002378.420, 145
Trd, 002379.920, 142
Trd, 002391.200, 141
Trd, 002391.340, 147
Trd, 002402.780, 139.0
Trd, 002404.020, 147.0
Trd, 002404.700, 147
Trd, 002405.380, 150
Trd, 002406.100, 146
Trd, 002423.280, 145
Trd, 002433.540, 148.0
Trd, 002433.820, 164.0
Trd, 002439.140, 152
Trd, 002440.160, 152
Trd, 002440.360, 149
Trd, 002456.980, 143.0
Trd, 002463.280, 154
Trd, 002463.560, 147
Trd, 002464.380, 155
Trd, 002464.660, 145
Trd, 002469.000, 150
Trd, 002476.260, 143
Trd, 002479.400, 145
Trd, 002483.280, 142.0
Trd, 002493.240, 147
Trd, 002493.420, 161
Trd, 002494.840, 149.0
Trd, 002498.720, 140.0
Trd, 002501.180, 143
Trd, 002522.720, 147
Trd, 002523.580, 146
Trd, 002524.360, 144.0
Trd, 002524.480, 148.0
Trd, 002534.840, 143
Trd, 002543.580, 150
Trd, 002553.400, 172.0
Trd, 002553.580, 145.0
Trd, 002553.740, 130
Trd, 002553.940, 158
Trd, 002554.100, 153.0
Trd, 002554.440, 145
Trd, 002554.460, 141
Trd, 002556.720, 151
Trd, 002558.700, 152
Trd, 002565.680, 152
Trd, 002570.160, 140.0
Trd, 002573.560, 133.0
Trd, 002574.360, 133
Trd, 002583.400, 153.0
Trd, 002583.900, 171.0
Trd, 002584.200, 155
Trd, 002584.680, 156
Trd, 002584.720, 155
Trd, 002584.860, 142
Trd, 002585.980, 144.0
Trd, 002586.240, 140.0
Trd, 002588.280, 144
Trd, 002592.240, 144
Trd, 002598.080, 149
Trd, 002604.020, 154
Trd, 002613.380, 142.0
Trd, 002613.540, 170.0
Trd, 002615.040, 155.0
Trd, 002615.280, 146.0
Trd, 002615.680, 152
Trd, 002615.760, 146
Trd, 002616.340, 159
Trd, 002620.920, 155
Trd, 002625.620, 153
Trd, 002643.680, 155
Trd, 002645.180, 162
Trd, 002646.300, 164
Trd, 002647.120, 164
Trd, 002647.580, 159
Trd, 002648.820, 153.0
Trd, 002656.340, 144.0
Trd, 002656.500, 154
Trd, 002658.180, 143
Trd, 002667.360, 140.0
Trd, 002673.580, 145
Trd, 002673.920, 153.0
Trd, 002674.440, 157
Trd, 002674.780, 171.0
Trd, 002675.420, 163
Trd, 002677.140, 160
Trd, 002679.180, 144.0
Trd, 002685.920, 154
Trd, 002686.280, 144
Trd, 002690.400, 141.0
Trd, 002694.040, 138
Trd, 002703.800, 147
Trd, 002704.560, 144
Trd, 002704.640, 143
Trd, 002704.840, 144.0
Trd, 002706.660, 145
Trd, 002706.800, 148
Trd, 002709.300, 142
Trd, 002710.940, 142
Trd, 002711.580, 140.0
Trd, 002714.520, 146
Trd, 002715.940, 134.0
Trd, 002729.420, 148
Trd, 002733.660, 139
Trd, 002733.740, 145
Trd, 002733.960, 150
Trd, 002734.020, 144
Trd, 002734.420, 155
Trd, 002734.460, 150
Trd, 002737.660, 155
Trd, 002738.100, 146.0
Trd, 002739.320, 145
Trd, 002744.840, 141.0
Trd, 002746.480, 135
Trd, 002754.920, 134
Trd, 002763.680, 149
Trd, 002763.940, 170.0
Trd, 002764.040, 147
Trd, 002764.280, 153
Trd, 002765.120, 155.0
Trd, 002765.580, 146.0
Trd, 002766.300, 143
Trd, 002767.540, 147
Trd, 002768.380, 140.0
Trd, 002769.340, 134
Trd, 002785.760, 153
Trd, 002793.700, 170.0
Trd, 002793.760, 146.0
Trd, 002793.960, 133.0
Trd, 002795.720, 154.0
Trd, 002795.820, 155
Trd, 002796.460, 147
Trd, 002796.700, 146
Trd, 002802.160, 145
Trd, 002803.580, 144
Trd, 002807.500, 144
Trd, 002814.920, 142.0
Trd, 002821.860, 153
Trd, 002824.260, 153
Trd, 002824.460, 147
Trd, 002824.820, 150
Trd, 002825.160, 147
Trd, 002825.540, 147
Trd, 002825.560, 150
Trd, 002828.060, 150
Trd, 002829.400, 146.0
Trd, 002831.980, 146
Trd, 002838.140, 144
Trd, 002839.560, 141.0
Trd, 002851.020, 139
Trd, 002853.840, 141.0
Trd, 002853.920, 170.0
Trd, 002853.960, 139
Trd, 002854.140, 151
Trd, 002854.200, 158
Trd, 002854.240, 147
Trd, 002855.360, 146.0
Trd, 002856.040, 152
Trd, 002861.920, 145
Trd, 002862.960, 145
Trd, 002870.720, 144
Trd, 002872.500, 147
Trd, 002874.700, 148
Trd, 002881.040, 146
Trd, 002883.960, 127
Trd, 002884.140, 140
Trd, 002884.400, 152
Trd, 002884.780, 145.0
Trd, 002885.380, 144
Trd, 002885.460, 143
Trd, 002889.120, 153.0
Trd, 002890.280, 149
Trd, 002892.180, 154
Trd, 002892.820, 150
Trd, 002894.620, 143
Trd, 002895.680, 135
Trd, 002902.800, 137
Trd, 002913.780, 145
Trd, 002914.020, 141.0
Trd, 002914.280, 144.0
Trd, 002914.440, 145
Trd, 002914.620, 140
Trd, 002914.740, 145
Trd, 002915.160, 148
Trd, 002917.740, 144
Trd, 002919.960, 144
Trd, 002923.140, 145
Trd, 002926.540, 143
Trd, 002940.520, 144
Trd, 002943.900, 145
Trd, 002944.240, 142
Trd, 002944.300, 141
Trd, 002944.440, 141
Trd, 002944.680, 140.0
Trd, 002944.920, 141
Trd, 002946.060, 142
Trd, 002947.960, 141
Trd, 002950.000, 150
Trd, 002950.180, 145
Trd, 002955.000, 142
Trd, 002968.420, 133.0
Trd, 002973.980, 129.0
Trd, 002974.860, 162
Trd, 002974.960, 162
Trd, 002975.120, 172.0
Trd, 002976.280, 156
Trd, 002977.960, 153.0
Trd, 002986.240, 147
Trd, 002986.920, 144
Trd, 003004.280, 146
Trd, 003004.420, 172.0
Trd, 003006.020, 164
Trd, 003006.360, 163
Trd, 003006.420, 160
Trd, 003007.580, 154
Trd, 003007.620, 154.0
Trd, 003023.260, 149
Trd, 003025.980, 146
Trd, 003034.120, 128.0
Trd, 003034.920, 170.0
Trd, 003035.820, 161
Trd, 003038.100, 160
Trd, 003040.540, 154.0
Trd, 003041.780, 154
Trd, 003042.560, 153
Trd, 003046.840, 145.0
Trd, 003049.260, 155
Trd, 003064.360, 171.0
Trd, 003064.820, 154
Trd, 003065.320, 161
Trd, 003067.020, 160
Trd, 003069.660, 155
Trd, 003070.800, 153.0
Trd, 003074.460, 158
Trd, 003075.500, 153
Trd, 003084.920, 144.0
Trd, 003087.320, 144
Trd, 003091.240, 156
Trd, 003093.240, 141.0
Trd, 003094.300, 155.0
Trd, 003094.620, 170.0
Trd, 003094.660, 159
Trd, 003096.120, 161
Trd, 003096.160, 160
Trd, 003096.500, 159
Trd, 003097.100, 145
Trd, 003106.720, 152
Trd, 003109.720, 145.0
Trd, 003115.720, 140.0
Trd, 003124.220, 102
Trd, 003124.320, 129
Trd, 003124.560, 124.0
Trd, 003124.640, 121
Trd, 003125.500, 144.0
Trd, 003125.580, 142.0
Trd, 003125.920, 153.0
Trd, 003125.960, 154
Trd, 003126.140, 134.0
Trd, 003126.220, 136
Trd, 003126.600, 141
Trd, 003133.880, 138
Trd, 003139.680, 147
Trd, 003154.200, 140
Trd, 003154.300, 138
Trd, 003154.580, 156
Trd, 003154.640, 154
Trd, 003154.920, 153
Trd, 003155.280, 167
Trd, 003155.380, 154.0
Trd, 003155.700, 152
Trd, 003155.740, 141
Trd, 003156.640, 149
Trd, 003158.800, 141.0
Trd, 003182.160, 143
Trd, 003184.500, 128
Trd, 003184.520, 135
Trd, 003184.640, 123
Trd, 003184.900, 98
Trd, 003185.660, 130.0
Trd, 003186.020, 153.0
Trd, 003186.380, 157
Trd, 003186.560, 142
Trd, 003188.800, 143
Trd, 003189.060, 140
Trd, 003189.740, 132
Trd, 003189.760, 132.0
Trd, 003189.900, 152
Trd, 003214.540, 152
Trd, 003214.560, 134.0
Trd, 003214.760, 150
Trd, 003214.900, 148
Trd, 003215.180, 145.0
Trd, 003215.940, 142.0
Trd, 003218.080, 144
Trd, 003219.080, 147
Trd, 003221.280, 149
Trd, 003223.520, 145
Trd, 003224.560, 142
Trd, 003242.640, 146
Trd, 003242.840, 136
Trd, 003244.400, 145
Trd, 003244.420, 145
Trd, 003244.900, 144
Trd, 003245.100, 153
Trd, 003246.000, 144.0
Trd, 003246.260, 155.0
Trd, 003246.460, 153
Trd, 003246.940, 142
Trd, 003251.160, 150
Trd, 003255.020, 149
Trd, 003259.220, 146
Trd, 003270.740, 154
Trd, 003274.500, 154.0
Trd, 003275.220, 152
Trd, 003275.240, 155
Trd, 003275.520, 159
Trd, 003275.980, 152
Trd, 003278.020, 151
Trd, 003285.240, 145.0
Trd, 003288.180, 144
Trd, 003291.320, 142.0
Trd, 003291.400, 141
Trd, 003304.320, 105
Trd, 003304.980, 172.0
Trd, 003305.300, 155.0
Trd, 003305.380, 144.0
Trd, 003306.100, 156
Trd, 003307.400, 155
Trd, 003308.820, 152
Trd, 003309.580, 149
Trd, 003309.920, 156
Trd, 003324.060, 142.0
Trd, 003333.620, 153
Trd, 003334.420, 170.0
Trd, 003334.600, 144
Trd, 003334.740, 143
Trd, 003335.300, 147
Trd, 003335.680, 154.0
Trd, 003335.800, 149
Trd, 003338.120, 149
Trd, 003353.580, 151
Trd, 003355.520, 153
Trd, 003356.780, 145.0
Trd, 003360.020, 147
Trd, 003364.420, 132.0
Trd, 003364.580, 129
Trd, 003365.080, 143
Trd, 003365.840, 171.0
Trd, 003366.380, 149
Trd, 003366.620, 145.0
Trd, 003380.560, 161
Trd, 003394.760, 161
Trd, 003395.000, 170.0
Trd, 003395.520, 154.0
Trd, 003396.160, 158
Trd, 003398.180, 158
Trd, 003399.760, 157
Trd, 003409.060, 157
Trd, 003409.880, 146.0
Trd, 003422.100, 145
Trd, 003424.600, 170.0
Trd, 003425.200, 157
Trd, 003426.100, 157
Trd, 003426.840, 155
Trd, 003427.400, 158
Trd, 003429.440, 157
Trd, 003430.520, 154.0
Trd, 003430.760, 145
Trd, 003434.840, 144.0
Trd, 003454.700, 146
Trd, 003455.100, 146
Trd, 003455.240, 154
Trd, 003455.340, 147
Trd, 003455.560, 146
Trd, 003456.780, 149
Trd, 003457.640, 155
Trd, 003459.480, 152
Trd, 003459.540, 146.0
Trd, 003461.800, 145
Trd, 003464.460, 141.0
Trd, 003484.600, 158
Trd, 003484.780, 140.0
Trd, 003485.000, 143
Trd, 003485.040, 142
Trd, 003485.080, 152
Trd, 003485.600, 171.0
Trd, 003486.060, 144.0
Trd, 003486.880, 155
Trd, 003487.580, 153
Trd, 003489.280, 154
Trd, 003496.240, 155
Trd, 003499.000, 159
Trd, 003506.760, 136
Trd, 003515.200, 162
Trd, 003516.180, 165
Trd, 003516.280, 161
Trd, 003516.360, 159
Trd, 003517.180, 156
Trd, 003522.480, 154.0
Trd, 003544.700, 128
Trd, 003545.360, 158
Trd, 003546.600, 161
Trd, 003547.180, 171.0
Trd, 003548.540, 166
Trd, 003550.480, 163
Trd, 003552.300, 153.0
Trd, 003560.660, 146.0
Trd, 003570.660, 145
Trd, 003575.400, 158
Trd, 003575.760, 162
Trd, 003575.840, 161
Trd, 003577.420, 158
Trd, 003578.880, 153.0
Trd, 003580.460, 146.0
Trd, 003582.600, 152
Trd, 003589.560, 160
Trd, 003589.920, 146
Trd, 003599.020, 153
Trd, 003604.160, 144
Trd, 003605.060, 130.0
Trd, 003605.140, 153
Trd, 003605.800, 143
Trd, 003606.420, 147
Trd, 003609.940, 152
Trd, 003610.580, 151
Trd, 003612.560, 145.0
Trd, 003613.200, 143
Trd, 003634.760, 171
Trd, 003634.960, 157
Trd, 003635.900, 155
Trd, 003636.000, 154
Trd, 003637.860, 158
Trd, 003638.540, 155.0
Trd, 003639.700, 144.0
Trd, 003639.880, 143
Trd, 003641.220, 142.0
Trd, 003643.980, 142
Trd, 003659.540, 134.0
Trd, 003664.820, 170.0
Trd, 003665.000, 160
Trd, 003665.520, 146.0
Trd, 003668.240, 155.0
Trd, 003672.140, 152
Trd, 003672.840, 151
Trd, 003676.700, 148
Trd, 003683.560, 149
Trd, 003685.560, 144
Trd, 003687.480, 141.0
Trd, 003690.820, 147
Trd, 003691.640, 144
Trd, 003694.840, 142
Trd, 003695.000, 142
Trd, 003695.100, 150
Trd, 003696.260, 144
Trd, 003696.500, 151
Trd, 003696.720, 159
Trd, 003697.400, 144
Trd, 003698.100, 142
Trd, 003701.920, 140.0
Trd, 003709.300, 133.0
Trd, 003724.920, 155
Trd, 003725.060, 130.0
Trd, 003725.600, 149
Trd, 003725.620, 146
Trd, 003725.760, 140
Trd, 003725.840, 132.0
Trd, 003726.060, 144
Trd, 003727.140, 142.0
Trd, 003727.360, 153.0
Trd, 003727.520, 154
Trd, 003734.640, 144
Trd, 003740.780, 145
Trd, 003755.040, 144
Trd, 003755.180, 146.0
Trd, 003755.380, 155
Trd, 003755.540, 131
Trd, 003756.100, 172.0
Trd, 003757.920, 157
Trd, 003758.820, 159
Trd, 003776.820, 162
Trd, 003784.960, 231.0
Trd, 003785.200, 292.0
Trd, 003785.600, 260
Trd, 003788.300, 246
Trd, 003789.680, 260
Trd, 003790.320, 258
Trd, 003809.240, 259
Trd, 003815.380, 258
Trd, 003816.420, 260
Trd, 003816.760, 256.0
Trd, 003817.140, 252
Trd, 003821.120, 249
Trd, 003830.800, 251
Trd, 003844.300, 245
Trd, 003845.140, 254
Trd, 003845.360, 251
Trd, 003846.360, 241.0
Trd, 003848.640, 245
Trd, 003848.940, 244
Trd, 003857.160, 243
Trd, 003858.880, 235
Trd, 003861.700, 231.0
Trd, 003863.240, 246
Trd, 003875.560, 242
Trd, 003875.620, 243
Trd, 003876.500, 245
Trd, 003877.020, 255.0
Trd, 003877.340, 242
Trd, 003877.380, 241
Trd, 003882.760, 248
Trd, 003885.820, 243
Trd, 003896.640, 261
Trd, 003905.260, 227
Trd, 003905.300, 241.0
Trd, 003906.140, 242
Trd, 003906.200, 246
Trd, 003910.800, 241
Trd, 003916.560, 234
Trd, 003916.580, 235
Trd, 003921.500, 235
Trd, 003931.180, 237
Trd, 003935.540, 239
Trd, 003935.840, 255.0
Trd, 003936.260, 247
Trd, 003937.120, 248
Trd, 003937.200, 265
Trd, 003937.620, 246
Trd, 003949.620, 251
Trd, 003961.800, 235
Trd, 003964.720, 239
Trd, 003966.020, 249
Trd, 003966.700, 243.0
Trd, 003967.780, 243
Trd, 003967.880, 242
Trd, 003968.580, 240
Trd, 003971.720, 243
Trd, 003974.240, 241
Trd, 003974.840, 238
Trd, 003982.200, 237
Trd, 003983.320, 245
Trd, 003995.260, 241.0
Trd, 003995.880, 240
Trd, 003996.360, 245
Trd, 003996.860, 246
Trd, 004001.380, 244
Trd, 004001.540, 247
Trd, 004002.680, 249
Trd, 004003.500, 248
Trd, 004009.160, 250
Trd, 004010.680, 255
Trd, 004016.120, 235
Trd, 004025.320, 250
Trd, 004026.580, 249
Trd, 004026.620, 249
Trd, 004026.680, 250
Trd, 004026.840, 251
Trd, 004027.860, 250
Trd, 004030.680, 247
Trd, 004032.020, 246
Trd, 004034.400, 252
Trd, 004035.540, 254
Trd, 004039.780, 249
Trd, 004043.660, 244
Trd, 004055.640, 247
Trd, 004055.940, 248
Trd, 004056.060, 248
Trd, 004056.280, 251
Trd, 004056.540, 246
Trd, 004056.720, 250
Trd, 004056.780, 252
Trd, 004057.200, 249
Trd, 004057.500, 245
Trd, 004062.240, 240
Trd, 004076.380, 234
Trd, 004085.560, 214
Trd, 004085.840, 236.0
Trd, 004086.840, 239.0
Trd, 004087.360, 240.0
Trd, 004087.980, 237.0
Trd, 004089.140, 249
Trd, 004089.260, 236
Trd, 004092.360, 246
Trd, 004094.660, 234
Trd, 004094.760, 234
Trd, 004098.800, 260.0
Trd, 004102.200, 231.0
Trd, 004115.460, 248
Trd, 004116.080, 249
Trd, 004116.160, 247
Trd, 004116.180, 249
Trd, 004117.300, 251
Trd, 004118.000, 252
Trd, 004119.020, 250
Trd, 004121.380, 259
Trd, 004124.460, 250
Trd, 004131.200, 249
Trd, 004133.340, 259
Trd, 004133.980, 234
Trd, 004146.000, 252
Trd, 004146.380, 256.0
Trd, 004146.420, 257
Trd, 004146.540, 255
Trd, 004146.700, 257
Trd, 004147.640, 256
Trd, 004147.900, 255
Trd, 004148.360, 253
Trd, 004148.480, 252
Trd, 004150.700, 256
Trd, 004163.800, 238
Trd, 004168.080, 247
Trd, 004175.540, 290.0
Trd, 004175.640, 246
Trd, 004176.340, 252
Trd, 004177.400, 251
Trd, 004177.560, 255
Trd, 004178.020, 254
Trd, 004182.880, 255
Trd, 004183.860, 259.0
Trd, 004184.080, 252.0
Trd, 004187.140, 253
Trd, 004195.200, 235.0
Trd, 004200.660, 244
Trd, 004204.080, 235
Trd, 004205.820, 247
Trd, 004205.840, 267
Trd, 004206.000, 242.0
Trd, 004206.400, 242
Trd, 004207.460, 245
Trd, 004207.540, 247
Trd, 004207.960, 242
Trd, 004208.260, 242
Trd, 004213.100, 242
Trd, 004214.100, 247
Trd, 004228.460, 236
Trd, 004235.620, 221
Trd, 004235.700, 231.0
Trd, 004235.820, 246
Trd, 004236.000, 247
Trd, 004238.180, 240
Trd, 004238.820, 240.0
Trd, 004239.680, 237.0
Trd, 004240.580, 238
Trd, 004240.780, 242.0
Trd, 004250.500, 243
Trd, 004253.620, 242
Trd, 004265.700, 240
Trd, 004265.760, 246
Trd, 004266.020, 248
Trd, 004266.320, 237.0
Trd, 004266.780, 238
Trd, 004267.140, 240.0
Trd, 004267.520, 242
Trd, 004269.860, 251
Trd, 004271.680, 246
Trd, 004273.040, 258.0
Trd, 004273.760, 236
Trd, 004296.080, 239
Trd, 004296.180, 240.0
Trd, 004296.440, 239.0
Trd, 004296.500, 245
Trd, 004296.640, 237
Trd, 004297.600, 244
Trd, 004298.460, 243
Trd, 004298.540, 239
Trd, 004301.860, 240
Trd, 004303.460, 237
Trd, 004324.620, 235
Trd, 004325.500, 244
Trd, 004325.960, 242.0
Trd, 004325.980, 241
Trd, 004326.580, 259
Trd, 004327.220, 246
Trd, 004327.360, 246
Trd, 004329.000, 247
Trd, 004329.860, 244
Trd, 004329.980, 243
Trd, 004330.360, 238
Trd, 004339.200, 242
Trd, 004355.820, 249
Trd, 004356.140, 252.0
Trd, 004356.280, 246
Trd, 004356.340, 249
Trd, 004357.140, 250
Trd, 004357.720, 246
Trd, 004358.220, 246
Trd, 004358.480, 250
Trd, 004358.520, 237
Trd, 004359.500, 253
Trd, 004363.280, 259.0
Trd, 004370.160, 235.0
Trd, 004385.540, 256.0
Trd, 004385.740, 237.0
Trd, 004385.880, 232
Trd, 004386.380, 241.0
Trd, 004386.880, 245
Trd, 004387.780, 242
Trd, 004388.340, 234
Trd, 004394.480, 256.0
Trd, 004401.060, 236
Trd, 004405.680, 241
Trd, 004407.460, 244
Trd, 004411.860, 258
Trd, 004415.660, 252
Trd, 004415.920, 254
Trd, 004416.220, 254
Trd, 004416.400, 251
Trd, 004416.700, 251
Trd, 004417.140, 255
Trd, 004417.360, 258.0
Trd, 004421.400, 253
Trd, 004422.560, 251
Trd, 004423.740, 239
Trd, 004429.320, 236
Trd, 004439.840, 246
Trd, 004446.080, 244
Trd, 004446.440, 249
Trd, 004446.540, 254
Trd, 004446.700, 255
Trd, 004446.720, 260
Trd, 004448.200, 256
Trd, 004449.280, 257
Trd, 004450.600, 253
Trd, 004451.820, 252
Trd, 004454.980, 239
Trd, 004461.020, 234
Trd, 004462.020, 244
Trd, 004467.980, 255
Trd, 004475.660, 248
Trd, 004476.060, 239.0
Trd, 004476.380, 253
Trd, 004476.680, 253.0
Trd, 004476.780, 261
Trd, 004477.320, 255
Trd, 004478.220, 254
Trd, 004478.560, 252
Trd, 004478.860, 251
Trd, 004493.520, 239
Trd, 004494.040, 255
Trd, 004503.780, 235
Trd, 004506.000, 245
Trd, 004506.580, 249
Trd, 004506.680, 251
Trd, 004507.320, 246
Trd, 004507.540, 252
Trd, 004507.920, 249
Trd, 004511.440, 260.0
Trd, 004511.600, 262
Trd, 004511.740, 255
Trd, 004512.660, 254
Trd, 004515.520, 253
Trd, 004528.520, 240
Trd, 004535.920, 253
Trd, 004535.940, 259
Trd, 004536.080, 264
Trd, 004536.260, 257
Trd, 004536.380, 255
Trd, 004536.620, 254
Trd, 004536.700, 255
Trd, 004537.400, 252
Trd, 004537.560, 252
Trd, 004549.000, 251
Trd, 004557.480, 248
Trd, 004565.900, 258.0
Trd, 004566.520, 252.0
Trd, 004567.040, 239.0
Trd, 004567.620, 249
Trd, 004568.160, 251
Trd, 004569.860, 251
Trd, 004573.920, 250
Trd, 004574.420, 243
Trd, 004587.780, 240
Trd, 004595.940, 246
Trd, 004596.580, 251
Trd, 004596.740, 255.0
Trd, 004596.760, 247
Trd, 004596.900, 241
Trd, 004597.760, 247
Trd, 004598.580, 258.0
Trd, 004600.220, 255
Trd, 004603.120, 254
Trd, 004604.160, 244
Trd, 004607.320, 239
Trd, 004613.040, 236
Trd, 004625.820, 247
Trd, 004625.980, 258
Trd, 004626.080, 291.0
Trd, 004626.340, 261
Trd, 004626.380, 254
Trd, 004626.800, 263
Trd, 004627.800, 255
Trd, 004628.700, 252.0
Trd, 004630.560, 253
Trd, 004633.220, 239
Trd, 004633.720, 254
Trd, 004641.560, 241
Trd, 004648.340, 234.0
Trd, 004655.960, 289.0
Trd, 004656.080, 263
Trd, 004656.200, 253.0
Trd, 004656.520, 265
Trd, 004656.720, 251
Trd, 004657.860, 259
Trd, 004658.260, 256.0
Trd, 004658.540, 260.0
Trd, 004661.020, 256
Trd, 004661.680, 249
Trd, 004670.780, 251
Trd, 004674.920, 243
Trd, 004685.900, 247
Trd, 004686.080, 238
Trd, 004686.340, 240.0
Trd, 004686.700, 238
Trd, 004687.060, 244
Trd, 004687.200, 250
Trd, 004687.400, 243.0
Trd, 004688.920, 247
Trd, 004694.420, 241
Trd, 004714.100, 246
Trd, 004715.860, 249
Trd, 004716.260, 246
Trd, 004716.300, 248
Trd, 004716.320, 245
Trd, 004716.380, 245
Trd, 004716.560, 249
Trd, 004717.300, 253
Trd, 004717.620, 255
Trd, 004718.540, 262
Trd, 004720.040, 237
Trd, 004725.760, 233.0
Trd, 004727.860, 246
Trd, 004745.960, 262.0
Trd, 004746.040, 258.0
Trd, 004746.660, 259.0
Trd, 004746.780, 260
Trd, 004746.960, 258
Trd, 004747.660, 252.0
Trd, 004748.460, 233.0
Trd, 004748.480, 248
Trd, 004750.980, 230.0
Trd, 004760.620, 235
Trd, 004775.880, 249
Trd, 004776.000, 245
Trd, 004776.060, 243
Trd, 004776.100, 243
Trd, 004776.380, 246
Trd, 004776.640, 263
Trd, 004777.180, 252
Trd, 004777.340, 230.0
Trd, 004778.720, 255
Trd, 004779.400, 257.0
Trd, 004789.520, 239
Trd, 004792.360, 239
Trd, 004805.880, 246
Trd, 004806.040, 240
Trd, 004806.200, 251
Trd, 004806.520, 265.0
Trd, 004806.680, 256.0
Trd, 004806.860, 262
Trd, 004808.220, 263
Trd, 004808.240, 268.0
Trd, 004809.380, 260
Trd, 004834.120, 246
Trd, 004836.200, 257.0
Trd, 004836.340, 256
Trd, 004836.540, 260.0
Trd, 004836.600, 255
Trd, 004836.620, 250
Trd, 004837.140, 260
Trd, 004837.740, 259
Trd, 004838.400, 255
Trd, 004839.280, 253.0
Trd, 004839.520, 260
Trd, 004839.800, 237
Trd, 004842.280, 233.0
Trd, 004846.780, 267.0
Trd, 004866.380, 293.0
Trd, 004866.520, 281
Trd, 004866.640, 270
Trd, 004866.780, 265
Trd, 004866.820, 256.0
Trd, 004867.100, 255
Trd, 004867.440, 259
Trd, 004867.580, 263
Trd, 004868.140, 254
Trd, 004868.520, 257.0
Trd, 004869.440, 234.0
Trd, 004870.640, 233
Trd, 004878.100, 246
Trd, 004878.980, 231.0
Trd, 004890.500, 227.0
Trd, 004894.040, 262
Trd, 004895.920, 242.0
Trd, 004895.940, 242
Trd, 004896.140, 254.0
Trd, 004896.360, 254.0
Trd, 004896.380, 252.0
Trd, 004896.560, 258.0
Trd, 004903.760, 245
Trd, 004904.340, 244
Trd, 004911.080, 238
Trd, 004916.000, 237
Trd, 004916.040, 252
Trd, 004926.140, 231.0
Trd, 004926.300, 240.0
Trd, 004926.380, 250
Trd, 004926.780, 260.0
Trd, 004927.400, 264
Trd, 004930.720, 258
Trd, 004936.020, 258
Trd, 004936.200, 258.0
Trd, 004940.260, 262
Trd, 004946.100, 254.0
Trd, 004954.620, 236
Trd, 004956.080, 228
Trd, 004956.260, 239.0
Trd, 004956.420, 241
Trd, 004956.980, 244
Trd, 004957.200, 241
Trd, 004957.380, 247
Trd, 004957.540, 245
Trd, 004957.820, 257.0
Trd, 004958.460, 264
Trd, 004958.680, 242
Trd, 004963.060, 252
Trd, 004970.120, 245
Trd, 004976.080, 235.0
Trd, 004980.280, 234
Trd, 004986.060, 265
Trd, 004986.220, 253.0
Trd, 004986.600, 261
Trd, 004987.000, 260.0
Trd, 004987.200, 253
Trd, 004987.420, 261
Trd, 004988.400, 253
Trd, 004989.140, 251
Trd, 004990.620, 252
Trd, 004991.680, 254
Trd, 004993.120, 242
Trd, 004993.740, 237
