Trd, 000030.100, 173.0
Trd, 000030.320, 158
Trd, 000030.430, 151
Trd, 000030.460, 162.0
Trd, 000030.470, 174
Trd, 000030.480, 139
Trd, 000030.630, 134
Trd, 000031.180, 149.0
Trd, 000031.230, 142
Trd, 000031.360, 156
Trd, 000031.390, 152
Trd, 000031.720, 160
Trd, 000031.730, 137
Trd, 000032.390, 129.0
Trd, 000033.600, 142
Trd, 000033.670, 157
Trd, 000033.740, 129
Trd, 000036.910, 147
Trd, 000043.360, 127
Trd, 000052.180, 125
Trd, 000060.140, 196.0
Trd, 000060.230, 188.0
Trd, 000060.340, 193.0
Trd, 000060.430, 181
Trd, 000060.480, 175.0
Trd, 000060.570, 152
Trd, 000061.120, 160.0
Trd, 000061.360, 169.0
Trd, 000061.610, 149.0
Trd, 000061.620, 140
Trd, 000061.780, 139.0
Trd, 000062.160, 136
Trd, 000062.770, 133
Trd, 000062.800, 126
Trd, 000063.230, 145
Trd, 000064.460, 153
Trd, 000066.260, 154
Trd, 000069.030, 154
Trd, 000070.130, 153
Trd, 000075.810, 131
Trd, 000090.130, 164
Trd, 000090.200, 172.0
Trd, 000090.230, 183
Trd, 000090.370, 147
Trd, 000090.380, 180
Trd, 000090.580, 147
Trd, 000090.690, 125
Trd, 000090.870, 137.0
Trd, 000091.070, 120
Trd, 000091.090, 127.0
Trd, 000091.290, 138
Trd, 000091.690, 143
Trd, 000092.470, 137
Trd, 000092.880, 143
Trd, 000094.040, 127
Trd, 000094.570, 143
Trd, 000095.570, 124.0
Trd, 000095.920, 143
Trd, 000097.070, 148
Trd, 000099.050, 158
Trd, 000112.760, 130
Trd, 000113.730, 135
Trd, 000115.960, 136
Trd, 000120.060, 186.0
Trd, 000120.130, 141
Trd, 000120.340, 143
Trd, 000120.350, 146
Trd, 000120.490, 129.0
Trd, 000120.620, 164
Trd, 000120.720, 151
Trd, 000120.740, 167.0
Trd, 000121.170, 129
Trd, 000121.460, 136
Trd, 000121.520, 126
Trd, 000121.700, 139.0
Trd, 000123.880, 142
Trd, 000127.370, 149
Trd, 000127.710, 144
Trd, 000130.190, 143
Trd, 000130.870, 144
Trd, 000132.720, 128
Trd, 000136.270, 127
Trd, 000150.110, 156
Trd, 000150.190, 150
Trd, 000150.410, 129.0
Trd, 000150.470, 140
Trd, 000150.590, 147
Trd, 000150.630, 146
Trd, 000150.690, 146
Trd, 000150.780, 130
Trd, 000150.890, 149.0
Trd, 000151.190, 158
Trd, 000151.340, 146
Trd, 000151.440, 159
Trd, 000151.510, 142
Trd, 000151.530, 140
Trd, 000153.360, 133
Trd, 000153.940, 132
Trd, 000159.780, 156
Trd, 000162.590, 161.0
Trd, 000162.910, 157
Trd, 000169.420, 141
Trd, 000169.960, 128
Trd, 000180.190, 145
Trd, 000180.350, 155
Trd, 000180.440, 145
Trd, 000180.500, 166.0
Trd, 000180.530, 135
Trd, 000180.670, 160.0
Trd, 000180.720, 141
Trd, 000180.920, 187.0
Trd, 000181.760, 172.0
Trd, 000181.840, 167
Trd, 000181.930, 148.0
Trd, 000185.170, 153
Trd, 000185.330, 160
Trd, 000186.640, 158
Trd, 000188.280, 156
Trd, 000188.500, 147
Trd, 000193.160, 126
Trd, 000193.790, 126
Trd, 000195.090, 123.0
Trd, 000201.440, 142
Trd, 000209.040, 138
Trd, 000210.440, 135
Trd, 000210.660, 137.0
Trd, 000210.670, 126
Trd, 000210.800, 137
Trd, 000210.830, 130
Trd, 000210.870, 159
Trd, 000210.880, 124.0
Trd, 000210.890, 160.0
Trd, 000210.980, 149.0
Trd, 000210.990, 129
Trd, 000211.150, 154
Trd, 000211.270, 163
Trd, 000211.430, 136
Trd, 000213.680, 160
Trd, 000213.720, 153
Trd, 000215.840, 151
Trd, 000217.270, 139
Trd, 000217.950, 155
Trd, 000219.270, 161
Trd, 000221.900, 130
Trd, 000227.570, 123
Trd, 000231.380, 133
Trd, 000240.290, 125
Trd, 000240.370, 165.0
Trd, 000240.660, 127.0
Trd, 000240.700, 150
Trd, 000240.860, 125.0
Trd, 000240.930, 145
Trd, 000241.010, 160
Trd, 000241.070, 166
Trd, 000241.170, 169.0
Trd, 000241.620, 150
Trd, 000241.750, 144
Trd, 000242.270, 149.0
Trd, 000242.560, 136
Trd, 000244.000, 132
Trd, 000247.670, 123
Trd, 000248.640, 144
Trd, 000251.520, 148
Trd, 000251.590, 137
Trd, 000260.100, 122.0
Trd, 000261.030, 131
Trd, 000270.230, 138
Trd, 000270.260, 141
Trd, 000270.570, 148
Trd, 000270.610, 171.0
Trd, 000270.650, 160.0
Trd, 000270.690, 124
Trd, 000271.030, 162
Trd, 000271.190, 175.0
Trd, 000271.420, 159
Trd, 000271.470, 165
Trd, 000272.250, 157
Trd, 000272.290, 164
Trd, 000272.790, 147.0
Trd, 000272.980, 142
Trd, 000273.980, 136
Trd, 000274.680, 132
Trd, 000275.860, 143
Trd, 000276.780, 134
Trd, 000284.300, 137
Trd, 000285.750, 124
Trd, 000286.450, 122.0
Trd, 000300.280, 195
Trd, 000300.300, 193.0
Trd, 000300.350, 187.0
Trd, 000300.370, 124
Trd, 000300.530, 159
Trd, 000300.550, 160.0
Trd, 000300.900, 161
Trd, 000301.000, 165.0
Trd, 000301.050, 149.0
Trd, 000301.400, 128
Trd, 000301.770, 129
Trd, 000301.990, 130
Trd, 000302.580, 129
Trd, 000302.810, 162
Trd, 000303.470, 160
Trd, 000303.640, 127
Trd, 000305.680, 159
Trd, 000306.860, 157
Trd, 000307.290, 144
Trd, 000309.880, 124.0
Trd, 000310.900, 123
Trd, 000330.320, 193.0
Trd, 000330.340, 187.0
Trd, 000330.470, 168.0
Trd, 000330.480, 141
Trd, 000330.720, 158
Trd, 000331.120, 150
Trd, 000331.230, 158
Trd, 000331.400, 148.0
Trd, 000331.520, 131
Trd, 000332.050, 156
Trd, 000332.590, 129
Trd, 000332.940, 124
Trd, 000333.420, 127
Trd, 000334.450, 148
Trd, 000335.640, 138.0
Trd, 000336.380, 128
Trd, 000340.130, 143
Trd, 000346.380, 146
Trd, 000349.030, 127
Trd, 000358.490, 123.0
Trd, 000359.770, 128
Trd, 000360.240, 188.0
Trd, 000360.310, 169
Trd, 000360.360, 148
Trd, 000360.440, 123.0
Trd, 000360.630, 142
Trd, 000360.790, 119
Trd, 000360.830, 115
Trd, 000360.900, 137.0
Trd, 000360.910, 149
Trd, 000361.280, 159
Trd, 000361.530, 148.0
Trd, 000361.710, 126
Trd, 000361.790, 162.0
Trd, 000362.070, 145
Trd, 000363.180, 141
Trd, 000364.480, 152
Trd, 000364.760, 150
Trd, 000372.320, 143
Trd, 000377.120, 138
Trd, 000388.430, 142
Trd, 000390.320, 143
Trd, 000390.370, 161
Trd, 000390.380, 167.0
Trd, 000390.390, 123
Trd, 000390.510, 169
Trd, 000390.610, 160
Trd, 000390.640, 112.0
Trd, 000390.690, 166
Trd, 000390.910, 153
Trd, 000391.010, 152
Trd, 000391.050, 152
Trd, 000391.110, 149.0
Trd, 000391.280, 140
Trd, 000391.340, 162.0
Trd, 000392.640, 127
Trd, 000393.330, 140
Trd, 000393.660, 148
Trd, 000394.120, 127
Trd, 000399.850, 140
Trd, 000411.460, 147
Trd, 000420.360, 166
Trd, 000420.440, 105.0
Trd, 000420.640, 139.0
Trd, 000420.780, 141
Trd, 000420.950, 142
Trd, 000421.120, 144
Trd, 000421.240, 138
Trd, 000421.380, 158
Trd, 000421.390, 160
Trd, 000422.290, 140
Trd, 000422.400, 137
Trd, 000422.800, 145
Trd, 000423.190, 140
Trd, 000423.700, 150
Trd, 000425.910, 145
Trd, 000427.000, 146
Trd, 000427.700, 143
Trd, 000439.320, 129
Trd, 000441.250, 127
Trd, 000450.370, 139
Trd, 000450.420, 142
Trd, 000450.520, 149
Trd, 000450.530, 125
Trd, 000450.690, 136
Trd, 000450.740, 146
Trd, 000450.750, 160
Trd, 000450.970, 160.0
Trd, 000451.070, 138
Trd, 000451.770, 123
Trd, 000451.790, 116
Trd, 000452.200, 143
Trd, 000452.380, 146
Trd, 000453.330, 154
Trd, 000453.550, 160
Trd, 000453.860, 140
Trd, 000454.060, 129
Trd, 000455.180, 129
Trd, 000458.420, 140
Trd, 000459.580, 165.0
Trd, 000468.520, 131
Trd, 000471.760, 133
Trd, 000478.820, 151
Trd, 000480.430, 149.0
Trd, 000480.670, 145
Trd, 000480.720, 151
Trd, 000480.740, 143
Trd, 000480.830, 161.0
Trd, 000481.270, 141
Trd, 000481.680, 140
Trd, 000481.750, 135
Trd, 000482.070, 149
Trd, 000482.090, 151
Trd, 000482.260, 127
Trd, 000482.480, 152
Trd, 000482.740, 151
Trd, 000483.110, 140
Trd, 000483.290, 125
Trd, 000483.440, 150
Trd, 000483.730, 155
Trd, 000486.030, 154
Trd, 000486.650, 123.0
Trd, 000491.240, 125
Trd, 000495.860, 121
Trd, 000501.170, 114.0
Trd, 000510.480, 127.0
Trd, 000510.490, 158
Trd, 000510.650, 152
Trd, 000510.960, 148
Trd, 000511.130, 145
Trd, 000511.180, 160.0
Trd, 000511.260, 142
Trd, 000511.350, 158
Trd, 000511.610, 159
Trd, 000511.760, 142
Trd, 000512.510, 138
Trd, 000512.680, 131
Trd, 000513.180, 149
Trd, 000514.190, 138.0
Trd, 000515.610, 143
Trd, 000520.820, 144
Trd, 000521.890, 140
Trd, 000530.090, 131
Trd, 000540.340, 173.0
Trd, 000540.400, 158
Trd, 000540.450, 159
Trd, 000540.580, 148
Trd, 000540.890, 148
Trd, 000540.920, 143
Trd, 000540.930, 143
Trd, 000541.020, 152
Trd, 000541.060, 154
Trd, 000541.760, 153
Trd, 000542.320, 154
Trd, 000543.290, 152
Trd, 000544.300, 154
Trd, 000545.210, 147.0
Trd, 000545.810, 131
Trd, 000552.470, 156
Trd, 000553.030, 133
Trd, 000555.480, 150
Trd, 000561.210, 126
Trd, 000562.290, 134
Trd, 000570.510, 150
Trd, 000570.540, 160.0
Trd, 000570.740, 149
Trd, 000570.790, 148.0
Trd, 000570.860, 152
Trd, 000570.930, 146
Trd, 000571.020, 153
Trd, 000571.230, 138
Trd, 000571.390, 141
Trd, 000572.790, 153
Trd, 000572.900, 144
Trd, 000573.130, 157
Trd, 000575.660, 139.0
Trd, 000576.340, 128
Trd, 000577.360, 133
Trd, 000577.890, 129
Trd, 000580.720, 158
Trd, 000582.370, 163
Trd, 000584.250, 124.0
Trd, 000586.540, 153
Trd, 000598.230, 125
Trd, 000600.390, 187
Trd, 000600.640, 127.0
Trd, 000600.820, 146
Trd, 000600.870, 148
Trd, 000600.980, 165.0
Trd, 000601.360, 125
Trd, 000601.430, 128.0
Trd, 000601.700, 124
Trd, 000601.730, 138
Trd, 000602.110, 144
Trd, 000602.620, 139.0
Trd, 000603.250, 153
Trd, 000603.280, 142
Trd, 000603.550, 142
Trd, 000604.240, 153
Trd, 000606.870, 148
Trd, 000611.500, 152
Trd, 000617.390, 158
Trd, 000617.570, 143
Trd, 000617.680, 123.0
Trd, 000620.220, 152
Trd, 000625.070, 131
Trd, 000630.420, 193.0
Trd, 000630.530, 157
Trd, 000630.560, 114.0
Trd, 000630.680, 126.0
Trd, 000630.860, 147
Trd, 000631.050, 148
Trd, 000631.160, 138.0
Trd, 000631.380, 135
Trd, 000631.790, 144
Trd, 000631.860, 151
Trd, 000631.960, 137
Trd, 000632.010, 136
Trd, 000632.230, 147
Trd, 000633.080, 155
Trd, 000634.040, 135
Trd, 000634.580, 137
Trd, 000635.040, 135
Trd, 000638.120, 131
Trd, 000646.810, 134
Trd, 000660.450, 127.0
Trd, 000660.580, 106.0
Trd, 000660.680, 170.0
Trd, 000660.740, 114.0
Trd, 000660.860, 129.0
Trd, 000661.050, 172.0
Trd, 000661.420, 165.0
Trd, 000661.540, 123.0
Trd, 000661.600, 138.0
Trd, 000663.600, 160
Trd, 000664.080, 158
Trd, 000664.460, 156
Trd, 000665.820, 157
Trd, 000665.970, 150
Trd, 000666.350, 149
Trd, 000666.380, 148.0
Trd, 000667.310, 147
Trd, 000668.780, 143
Trd, 000677.810, 127
Trd, 000689.300, 128
Trd, 000690.530, 140
Trd, 000690.580, 142
Trd, 000690.610, 139.0
Trd, 000690.670, 149.0
Trd, 000691.390, 142
Trd, 000691.540, 147
Trd, 000691.810, 142
Trd, 000691.940, 141
Trd, 000691.980, 152
Trd, 000692.280, 142
Trd, 000692.440, 137
Trd, 000692.560, 143
Trd, 000692.930, 137
Trd, 000693.310, 158
Trd, 000693.600, 128
Trd, 000694.230, 160.0
Trd, 000697.940, 155
Trd, 000700.460, 144
Trd, 000703.060, 133
Trd, 000714.410, 127
Trd, 000720.520, 98.0
Trd, 000720.560, 105.0
Trd, 000720.600, 126.0
Trd, 000720.680, 128.0
Trd, 000721.070, 132
Trd, 000721.810, 137.0
Trd, 000721.960, 162.0
Trd, 000722.110, 134
Trd, 000722.200, 167.0
Trd, 000722.320, 134
Trd, 000722.360, 132
Trd, 000723.020, 169.0
Trd, 000724.870, 151
Trd, 000725.420, 143
Trd, 000725.520, 172.0
Trd, 000728.430, 157
Trd, 000733.480, 126
Trd, 000741.360, 144
Trd, 000742.510, 124
Trd, 000750.470, 90.0
Trd, 000750.590, 119
Trd, 000750.900, 138.0
Trd, 000750.930, 162.0
Trd, 000751.030, 194.0
Trd, 000751.110, 186.0
Trd, 000751.120, 116
Trd, 000751.880, 162
Trd, 000751.900, 156
Trd, 000753.220, 166.0
Trd, 000753.230, 164
Trd, 000756.390, 160
Trd, 000758.800, 161
Trd, 000760.130, 155
Trd, 000760.540, 153
Trd, 000763.990, 148.0
Trd, 000765.520, 159
Trd, 000769.630, 128
Trd, 000770.060, 132
Trd, 000770.910, 130
Trd, 000780.540, 197.0
Trd, 000780.600, 168
Trd, 000780.650, 149.0
Trd, 000780.670, 134
Trd, 000780.960, 134
Trd, 000780.990, 128
Trd, 000781.060, 153
Trd, 000781.310, 171.0
Trd, 000782.210, 152
Trd, 000782.350, 152
Trd, 000782.710, 155
Trd, 000783.400, 153
Trd, 000784.390, 150
Trd, 000784.540, 144
Trd, 000785.550, 147
Trd, 000786.310, 148
Trd, 000787.110, 143
Trd, 000788.550, 126
Trd, 000790.700, 135
Trd, 000791.420, 123.0
Trd, 000805.370, 134
Trd, 000810.590, 146
Trd, 000810.680, 126
Trd, 000810.820, 125
Trd, 000810.990, 115
Trd, 000811.060, 127.0
Trd, 000811.580, 129.0
Trd, 000811.670, 137.0
Trd, 000811.740, 137
Trd, 000811.780, 138
Trd, 000812.020, 138
Trd, 000812.280, 144
Trd, 000812.870, 149
Trd, 000813.910, 158
Trd, 000813.980, 135
Trd, 000820.350, 159
Trd, 000821.920, 147
Trd, 000828.800, 160
Trd, 000828.990, 146
Trd, 000834.840, 131
Trd, 000840.590, 139.0
Trd, 000840.610, 148
Trd, 000840.830, 98.0
Trd, 000840.850, 95
Trd, 000840.890, 123
Trd, 000840.980, 127.0
Trd, 000841.040, 129.0
Trd, 000841.290, 162.0
Trd, 000841.540, 166.0
Trd, 000841.580, 147.0
Trd, 000841.750, 171.0
Trd, 000841.890, 142
Trd, 000842.250, 146
Trd, 000843.850, 152
Trd, 000846.040, 150
Trd, 000852.930, 146
Trd, 000860.190, 144
Trd, 000864.490, 154
Trd, 000870.680, 111.0
Trd, 000870.780, 106.0
Trd, 000870.880, 129.0
Trd, 000871.000, 135
Trd, 000871.150, 128
Trd, 000871.300, 135
Trd, 000871.310, 157
Trd, 000871.330, 128
Trd, 000871.560, 138.0
Trd, 000871.840, 158
Trd, 000872.360, 144
Trd, 000872.540, 167.0
Trd, 000872.670, 131
Trd, 000872.740, 154
Trd, 000874.250, 145
Trd, 000875.900, 153
Trd, 000876.820, 151
Trd, 000880.510, 161.0
Trd, 000882.950, 143
Trd, 000891.120, 135
Trd, 000896.430, 137
Trd, 000900.650, 174.0
Trd, 000900.740, 149.0
Trd, 000900.770, 172.0
Trd, 000900.800, 196.0
Trd, 000900.860, 193.0
Trd, 000900.900, 127
Trd, 000901.260, 126.0
Trd, 000901.400, 137.0
Trd, 000901.540, 146
Trd, 000901.610, 113.0
Trd, 000902.730, 145
Trd, 000902.860, 129
Trd, 000902.970, 147
Trd, 000903.600, 140
Trd, 000904.980, 140
Trd, 000907.250, 125
Trd, 000907.840, 126
Trd, 000909.770, 127
Trd, 000909.800, 140
Trd, 000912.090, 141
Trd, 000917.550, 149
Trd, 000930.700, 182
Trd, 000930.740, 171.0
Trd, 000930.810, 162.0
Trd, 000931.120, 149.0
Trd, 000931.310, 123.0
Trd, 000931.360, 154
Trd, 000932.020, 120
Trd, 000932.260, 125.0
Trd, 000932.300, 137.0
Trd, 000933.240, 138
Trd, 000933.370, 142
Trd, 000933.420, 148
Trd, 000933.850, 127
Trd, 000934.860, 125
Trd, 000934.940, 131
Trd, 000935.980, 148
Trd, 000936.030, 126
Trd, 000938.880, 145
Trd, 000940.010, 127
Trd, 000949.380, 132
Trd, 000959.500, 124
Trd, 000960.680, 139
Trd, 000960.910, 127.0
Trd, 000961.070, 140
Trd, 000961.100, 136
Trd, 000961.190, 133
Trd, 000961.700, 140
Trd, 000961.720, 145
Trd, 000961.890, 127
Trd, 000962.180, 151
Trd, 000962.320, 147.0
Trd, 000962.440, 132
Trd, 000962.940, 128
Trd, 000963.410, 161
Trd, 000964.470, 144
Trd, 000965.210, 160
Trd, 000965.920, 144
Trd, 000966.340, 151
Trd, 000968.050, 124.0
Trd, 000968.310, 123
Trd, 000973.680, 137
Trd, 000990.770, 142
Trd, 000991.000, 142
Trd, 000991.070, 132
Trd, 000991.100, 128
Trd, 000991.330, 139.0
Trd, 000991.380, 142
Trd, 000991.490, 142
Trd, 000991.770, 152
Trd, 000991.970, 133
Trd, 000992.120, 128
Trd, 000993.370, 128
Trd, 000993.820, 161
Trd, 000994.070, 161
Trd, 000994.310, 162.0
Trd, 000994.580, 129
Trd, 000994.670, 141
Trd, 000996.000, 165.0
Trd, 000997.390, 151
Trd, 000997.560, 141
Trd, 000998.910, 126
Trd, 001001.130, 123.0
Trd, 001002.700, 118
Trd, 001009.190, 149
Trd, 001020.670, 91.0
Trd, 001020.850, 136
Trd, 001020.870, 138.0
Trd, 001020.960, 159
Trd, 001021.020, 118
Trd, 001021.190, 125.0
Trd, 001021.280, 128.0
Trd, 001021.640, 127
Trd, 001022.540, 127
Trd, 001023.440, 135
Trd, 001023.710, 128
Trd, 001023.870, 125
Trd, 001024.070, 124.0
Trd, 001025.730, 149
Trd, 001027.750, 145
Trd, 001028.590, 153
Trd, 001028.970, 125
Trd, 001030.090, 151
Trd, 001031.090, 126
Trd, 001032.310, 115
Trd, 001032.640, 115
Trd, 001041.890, 134
Trd, 001050.710, 133
Trd, 001050.770, 138
Trd, 001051.040, 160.0
Trd, 001051.140, 141
Trd, 001051.370, 142
Trd, 001051.540, 151
Trd, 001051.640, 161
Trd, 001051.720, 140
Trd, 001051.850, 157
Trd, 001051.880, 161
Trd, 001052.140, 137
Trd, 001052.620, 162
Trd, 001052.710, 128
Trd, 001053.920, 147
Trd, 001054.060, 126
Trd, 001055.780, 153
Trd, 001056.710, 141
Trd, 001057.080, 125
Trd, 001061.630, 128
Trd, 001065.490, 143
Trd, 001080.730, 186.0
Trd, 001081.010, 149
Trd, 001081.120, 153
Trd, 001081.160, 134
Trd, 001081.210, 125
Trd, 001081.420, 135
Trd, 001081.430, 138.0
Trd, 001081.510, 149.0
Trd, 001081.790, 127
Trd, 001081.800, 124
Trd, 001081.810, 169
Trd, 001081.850, 168
Trd, 001081.890, 172.0
Trd, 001081.930, 142
Trd, 001083.230, 162.0
Trd, 001087.490, 149
Trd, 001087.770, 141
Trd, 001091.230, 148
Trd, 001095.500, 134
Trd, 001098.710, 137
Trd, 001102.840, 124.0
Trd, 001109.380, 115
Trd, 001110.710, 194.0
Trd, 001110.960, 165.0
Trd, 001111.240, 147.0
Trd, 001111.440, 107
Trd, 001111.500, 137.0
Trd, 001111.580, 128.0
Trd, 001111.630, 144
Trd, 001111.930, 152
Trd, 001112.100, 125.0
Trd, 001112.130, 114.0
Trd, 001112.370, 157
Trd, 001112.760, 128
Trd, 001113.040, 134
Trd, 001113.270, 158
Trd, 001114.540, 127
Trd, 001117.900, 142
Trd, 001120.880, 139
Trd, 001122.100, 134
Trd, 001122.840, 124
Trd, 001128.030, 138
Trd, 001140.780, 142
Trd, 001140.820, 147.0
Trd, 001140.860, 193.0
Trd, 001140.960, 170.0
Trd, 001141.090, 140
Trd, 001141.240, 142
Trd, 001141.320, 155
Trd, 001141.420, 128
Trd, 001141.510, 124.0
Trd, 001141.690, 146
Trd, 001141.960, 149
Trd, 001142.160, 153
Trd, 001142.850, 150
Trd, 001145.140, 160.0
Trd, 001145.510, 142
Trd, 001146.010, 139
Trd, 001149.870, 160
Trd, 001152.140, 125
Trd, 001155.790, 114.0
Trd, 001162.490, 136
Trd, 001170.760, 187.0
Trd, 001171.010, 127.0
Trd, 001171.060, 139.0
Trd, 001171.090, 160.0
Trd, 001171.170, 126
Trd, 001171.410, 135
Trd, 001171.970, 136
Trd, 001171.990, 128
Trd, 001172.280, 134
Trd, 001172.560, 147
Trd, 001172.610, 148
Trd, 001172.830, 148
Trd, 001172.850, 148
Trd, 001173.110, 149
Trd, 001173.380, 147
Trd, 001180.670, 143
Trd, 001183.120, 130
Trd, 001183.220, 126
Trd, 001183.710, 158
Trd, 001191.030, 126
Trd, 001194.800, 128
Trd, 001200.820, 196.0
Trd, 001200.850, 186.0
Trd, 001200.870, 163
Trd, 001200.890, 170
Trd, 001200.940, 90.0
Trd, 001201.130, 114
Trd, 001201.260, 168
Trd, 001201.370, 125.0
Trd, 001202.160, 137.0
Trd, 001202.270, 144
Trd, 001202.540, 156
Trd, 001204.160, 160
Trd, 001204.420, 153
Trd, 001204.780, 151
Trd, 001205.130, 140
Trd, 001205.440, 140
Trd, 001211.710, 147
Trd, 001214.050, 137
Trd, 001228.230, 127
Trd, 001230.920, 174.0
Trd, 001230.950, 180
Trd, 001230.980, 131
Trd, 001231.010, 129
Trd, 001231.200, 147
Trd, 001231.220, 117
Trd, 001231.360, 139.0
Trd, 001231.570, 150
Trd, 001231.600, 131
Trd, 001231.730, 155
Trd, 001231.760, 124
Trd, 001231.940, 156
Trd, 001232.150, 149.0
Trd, 001232.460, 136
Trd, 001232.990, 147
Trd, 001233.150, 134
Trd, 001233.780, 129
Trd, 001234.970, 141
Trd, 001237.220, 156
Trd, 001243.820, 132
Trd, 001254.210, 126
Trd, 001258.160, 124.0
Trd, 001260.830, 194
Trd, 001260.900, 104.0
Trd, 001261.500, 145
Trd, 001261.560, 160.0
Trd, 001261.570, 170.0
Trd, 001261.790, 169.0
Trd, 001261.990, 171
Trd, 001262.060, 171.0
Trd, 001262.130, 128
Trd, 001262.900, 138
Trd, 001263.280, 139.0
Trd, 001265.260, 148
Trd, 001265.310, 144
Trd, 001265.710, 150
Trd, 001269.330, 155
Trd, 001270.600, 146
Trd, 001270.770, 142
Trd, 001272.330, 159
Trd, 001274.900, 127
Trd, 001278.410, 147
Trd, 001284.710, 144
Trd, 001291.100, 110.0
Trd, 001291.150, 102
Trd, 001291.320, 129.0
Trd, 001291.550, 142
Trd, 001291.560, 141
Trd, 001291.840, 139
Trd, 001292.120, 133
Trd, 001292.200, 142
Trd, 001292.290, 143
Trd, 001292.640, 134
Trd, 001293.440, 136
Trd, 001294.100, 149
Trd, 001294.310, 155
Trd, 001294.720, 161
Trd, 001295.210, 132
Trd, 001296.350, 156
Trd, 001299.300, 135
Trd, 001302.190, 161.0
Trd, 001302.730, 148
Trd, 001304.710, 137
Trd, 001320.890, 115
Trd, 001321.130, 143
Trd, 001321.160, 146
Trd, 001321.410, 146
Trd, 001321.490, 143
Trd, 001321.570, 147
Trd, 001321.610, 157
Trd, 001321.770, 141
Trd, 001321.920, 135
Trd, 001322.020, 160.0
Trd, 001322.320, 138
Trd, 001322.350, 127
Trd, 001323.390, 148
Trd, 001323.530, 133
Trd, 001324.600, 138.0
Trd, 001328.370, 162
Trd, 001328.870, 128
Trd, 001331.880, 135
Trd, 001339.550, 125
Trd, 001344.830, 124.0
Trd, 001350.900, 101
Trd, 001350.970, 113
Trd, 001350.980, 100
Trd, 001351.400, 127.0
Trd, 001351.460, 135
Trd, 001352.020, 125
Trd, 001352.280, 132
Trd, 001352.290, 135
Trd, 001352.540, 138.0
Trd, 001352.790, 144
Trd, 001353.030, 149.0
Trd, 001353.040, 152
Trd, 001353.260, 142
Trd, 001356.040, 150
Trd, 001358.400, 160
Trd, 001358.930, 152
Trd, 001362.190, 145
Trd, 001365.730, 152
Trd, 001370.150, 148
Trd, 001380.940, 147
Trd, 001381.110, 126.0
Trd, 001381.150, 149
Trd, 001381.200, 123.0
Trd, 001381.310, 157
Trd, 001381.500, 128.0
Trd, 001381.770, 147
Trd, 001381.930, 138
Trd, 001382.080, 137
Trd, 001382.130, 157
Trd, 001382.380, 123
Trd, 001382.550, 121
Trd, 001382.680, 147
Trd, 001383.570, 149
Trd, 001383.610, 140
Trd, 001386.080, 141
Trd, 001387.970, 126
Trd, 001393.000, 146
Trd, 001393.580, 131
Trd, 001398.980, 156
Trd, 001411.030, 129
Trd, 001411.120, 138
Trd, 001411.260, 160
Trd, 001411.460, 140
Trd, 001411.480, 145
Trd, 001411.530, 150
Trd, 001411.610, 167.0
Trd, 001412.480, 151
Trd, 001413.080, 148.0
Trd, 001413.260, 145
Trd, 001413.450, 151
Trd, 001413.650, 155
Trd, 001413.830, 143
Trd, 001414.240, 140
Trd, 001414.560, 141
Trd, 001415.720, 130
Trd, 001417.100, 141
Trd, 001420.910, 144
Trd, 001432.060, 139
Trd, 001432.740, 126
Trd, 001440.970, 137.0
Trd, 001441.040, 126.0
Trd, 001441.100, 104.0
Trd, 001441.360, 187.0
Trd, 001441.450, 174.0
Trd, 001441.960, 158
Trd, 001442.140, 155
Trd, 001442.230, 169.0
Trd, 001442.410, 170.0
Trd, 001442.500, 154
Trd, 001442.590, 171
Trd, 001442.710, 147.0
Trd, 001442.880, 139
Trd, 001443.090, 167.0
Trd, 001443.910, 140
Trd, 001444.210, 129
Trd, 001445.070, 126
Trd, 001447.250, 145
Trd, 001447.810, 143
Trd, 001451.000, 148
Trd, 001458.400, 122.0
Trd, 001468.230, 148
Trd, 001470.950, 184
Trd, 001471.140, 141
Trd, 001471.320, 143
Trd, 001471.360, 170
Trd, 001471.410, 141
Trd, 001471.680, 167.0
Trd, 001471.710, 147.0
Trd, 001471.770, 143
Trd, 001471.900, 168.0
Trd, 001472.050, 144
Trd, 001472.550, 150
Trd, 001473.630, 127
Trd, 001473.850, 136
Trd, 001474.320, 151
Trd, 001474.860, 126
Trd, 001475.320, 125
Trd, 001478.260, 140
Trd, 001481.500, 139
Trd, 001498.040, 144
Trd, 001498.220, 123.0
Trd, 001501.040, 131
Trd, 001501.090, 91.0
Trd, 001501.120, 98.0
Trd, 001501.380, 119
Trd, 001501.540, 118
Trd, 001501.650, 124
Trd, 001501.710, 127
Trd, 001501.730, 138.0
Trd, 001501.910, 144
Trd, 001502.080, 158
Trd, 001502.260, 132
Trd, 001502.430, 161.0
Trd, 001502.840, 149.0
Trd, 001503.550, 127
Trd, 001503.560, 161
Trd, 001505.990, 149
Trd, 001508.660, 152
Trd, 001510.350, 125
Trd, 001511.630, 140
Trd, 001512.230, 137
Trd, 001517.430, 122.0
Trd, 001526.700, 112.0
Trd, 001531.060, 137.0
Trd, 001531.130, 150
Trd, 001531.180, 174.0
Trd, 001531.450, 141
Trd, 001531.470, 146
Trd, 001531.480, 137
Trd, 001531.690, 144
Trd, 001531.800, 120
Trd, 001532.210, 146
Trd, 001532.240, 130
Trd, 001532.380, 148
Trd, 001533.110, 139
Trd, 001534.000, 145
Trd, 001535.320, 145
Trd, 001535.560, 157
Trd, 001543.970, 149.0
Trd, 001546.410, 130
Trd, 001548.140, 126
Trd, 001552.610, 125
Trd, 001558.640, 158
Trd, 001561.080, 91.0
Trd, 001561.160, 129.0
Trd, 001561.180, 144
Trd, 001561.290, 162.0
Trd, 001561.310, 172.0
Trd, 001561.370, 133
Trd, 001561.430, 115
Trd, 001561.560, 165.0
Trd, 001561.720, 137.0
Trd, 001561.900, 158
Trd, 001562.030, 124.0
Trd, 001562.200, 181
Trd, 001564.840, 159
Trd, 001566.110, 156
Trd, 001567.940, 148.0
Trd, 001571.140, 144
Trd, 001578.440, 148
Trd, 001580.080, 148
Trd, 001583.260, 146
Trd, 001585.510, 145
Trd, 001588.920, 126
Trd, 001591.110, 129
Trd, 001591.190, 173.0
Trd, 001591.320, 157
Trd, 001591.570, 170.0
Trd, 001591.670, 181
Trd, 001591.890, 134
Trd, 001592.170, 158
Trd, 001592.400, 153
Trd, 001592.540, 159
Trd, 001592.750, 160
Trd, 001592.860, 161.0
Trd, 001593.450, 146
Trd, 001594.420, 148
Trd, 001594.780, 156
Trd, 001595.110, 149.0
Trd, 001595.170, 127
Trd, 001595.450, 124.0
Trd, 001601.090, 154
Trd, 001602.300, 140
Trd, 001604.120, 143
Trd, 001609.320, 140
Trd, 001616.930, 123
Trd, 001619.360, 114.0
Trd, 001621.150, 90.0
Trd, 001621.160, 97.0
Trd, 001621.220, 162.0
Trd, 001621.260, 168.0
Trd, 001621.350, 157
Trd, 001621.670, 126.0
Trd, 001621.700, 128.0
Trd, 001622.120, 137
Trd, 001622.280, 136
Trd, 001623.330, 137.0
Trd, 001624.430, 123
Trd, 001624.460, 123
Trd, 001625.340, 135
Trd, 001625.570, 122
Trd, 001625.620, 122.0
Trd, 001625.840, 121
Trd, 001628.920, 148
Trd, 001631.250, 165.0
Trd, 001637.630, 153
Trd, 001641.300, 158
Trd, 001641.460, 159
Trd, 001651.490, 128
Trd, 001651.550, 139
Trd, 001651.560, 139
Trd, 001651.620, 144
Trd, 001651.650, 160.0
Trd, 001651.860, 137.0
Trd, 001651.870, 125
Trd, 001651.890, 159
Trd, 001652.200, 152
Trd, 001652.220, 165.0
Trd, 001653.010, 152
Trd, 001653.310, 143
Trd, 001653.390, 140
Trd, 001653.410, 139
Trd, 001653.650, 129
Trd, 001655.250, 149.0
Trd, 001656.930, 154
Trd, 001659.730, 128
Trd, 001663.980, 132
Trd, 001671.590, 124.0
Trd, 001675.270, 126
Trd, 001678.920, 120
Trd, 001681.240, 169.0
Trd, 001681.290, 171.0
Trd, 001681.430, 167.0
Trd, 001681.450, 149.0
Trd, 001681.780, 129
Trd, 001681.880, 127.0
Trd, 001682.360, 143
Trd, 001682.420, 140
Trd, 001682.440, 146
Trd, 001682.580, 157
Trd, 001683.010, 141
Trd, 001683.920, 149
Trd, 001685.000, 149
Trd, 001686.600, 141
Trd, 001686.810, 139
Trd, 001686.880, 149
Trd, 001688.420, 137
Trd, 001691.770, 127
Trd, 001698.830, 123
Trd, 001700.930, 130
Trd, 001708.200, 123.0
Trd, 001711.140, 168.0
Trd, 001711.290, 174.0
Trd, 001711.360, 138
Trd, 001711.430, 131
Trd, 001711.480, 156
Trd, 001711.490, 130
Trd, 001711.650, 137.0
Trd, 001712.330, 152
Trd, 001712.420, 136
Trd, 001712.700, 146
Trd, 001713.130, 147
Trd, 001715.020, 145
Trd, 001715.890, 144
Trd, 001716.360, 138
Trd, 001719.280, 145
Trd, 001719.800, 130
Trd, 001722.600, 152
Trd, 001723.890, 128
Trd, 001730.960, 125
Trd, 001741.180, 90.0
Trd, 001741.230, 129.0
Trd, 001741.280, 128
Trd, 001741.340, 130
Trd, 001741.470, 155
Trd, 001741.520, 160.0
Trd, 001741.870, 125
Trd, 001742.060, 161
Trd, 001742.220, 156
Trd, 001742.300, 128
Trd, 001742.660, 145
Trd, 001743.700, 143
Trd, 001743.730, 145
Trd, 001743.870, 141
Trd, 001745.530, 138
Trd, 001747.080, 134
Trd, 001747.800, 139.0
Trd, 001747.870, 124
Trd, 001752.490, 158
Trd, 001757.210, 128
Trd, 001762.770, 140
Trd, 001771.300, 126.0
Trd, 001771.380, 128.0
Trd, 001771.580, 168.0
Trd, 001771.600, 171.0
Trd, 001771.800, 166.0
Trd, 001771.820, 183
Trd, 001771.860, 131
Trd, 001772.010, 177
Trd, 001772.180, 151
Trd, 001772.390, 148
Trd, 001772.410, 126
Trd, 001773.350, 147.0
Trd, 001773.990, 147
Trd, 001774.300, 158
Trd, 001778.770, 158
Trd, 001779.490, 147
Trd, 001781.090, 123
Trd, 001781.180, 122.0
Trd, 001783.380, 118
Trd, 001788.760, 141
Trd, 001801.320, 156
Trd, 001801.730, 138
Trd, 001801.750, 143
Trd, 001801.800, 139.0
Trd, 001802.030, 131
Trd, 001802.130, 144
Trd, 001802.180, 125.0
Trd, 001802.190, 145
Trd, 001802.330, 145
Trd, 001802.350, 124.0
Trd, 001802.600, 158
Trd, 001802.960, 161.0
Trd, 001803.260, 149.0
Trd, 001805.080, 152
Trd, 001806.480, 144
Trd, 001809.090, 143
Trd, 001810.300, 141
Trd, 001811.020, 139
Trd, 001812.530, 126
Trd, 001815.180, 142
Trd, 001818.080, 125
Trd, 001831.270, 180
Trd, 001831.280, 174.0
Trd, 001831.390, 134
Trd, 001831.560, 123
Trd, 001831.630, 128.0
Trd, 001831.810, 149
Trd, 001831.880, 145
Trd, 001831.950, 150
Trd, 001832.050, 167.0
Trd, 001832.170, 142
Trd, 001832.200, 125
Trd, 001832.310, 155
Trd, 001832.880, 133
Trd, 001833.350, 148
Trd, 001834.940, 157
Trd, 001836.650, 147.0
Trd, 001838.670, 144
Trd, 001839.020, 149
Trd, 001839.430, 135
Trd, 001854.330, 129
Trd, 001861.220, 146
Trd, 001861.240, 128.0
Trd, 001861.380, 148
Trd, 001861.700, 144
Trd, 001861.940, 148
Trd, 001861.980, 152
Trd, 001862.020, 114.0
Trd, 001862.290, 152
Trd, 001862.310, 156
Trd, 001862.400, 126.0
Trd, 001862.580, 141
Trd, 001863.340, 149.0
Trd, 001863.970, 145
Trd, 001864.020, 139
Trd, 001865.510, 159
Trd, 001866.780, 148
Trd, 001867.760, 142
Trd, 001867.840, 127
Trd, 001869.400, 127
Trd, 001872.730, 124
Trd, 001880.680, 130
Trd, 001891.260, 143
Trd, 001891.500, 128.0
Trd, 001891.610, 138.0
Trd, 001891.940, 148
Trd, 001891.960, 130
Trd, 001892.130, 147
Trd, 001892.310, 143
Trd, 001892.330, 128
Trd, 001892.540, 153
Trd, 001892.690, 161
Trd, 001892.910, 150
Trd, 001893.140, 161.0
Trd, 001893.700, 148.0
Trd, 001894.500, 153
Trd, 001897.660, 127
Trd, 001899.660, 128
Trd, 001899.740, 148
Trd, 001902.470, 124
Trd, 001920.340, 149
Trd, 001921.270, 126.0
Trd, 001921.460, 129.0
Trd, 001921.570, 123.0
Trd, 001921.640, 112.0
Trd, 001921.690, 143
Trd, 001921.770, 162.0
Trd, 001921.840, 135
Trd, 001921.920, 149.0
Trd, 001922.040, 153
Trd, 001922.170, 162
Trd, 001922.220, 165.0
Trd, 001922.430, 163
Trd, 001922.770, 165
Trd, 001923.570, 144
Trd, 001924.240, 154
Trd, 001925.220, 146
Trd, 001925.930, 141
Trd, 001929.580, 127
Trd, 001930.890, 134
Trd, 001942.640, 146
Trd, 001951.340, 167.0
Trd, 001951.580, 123
Trd, 001951.590, 122.0
Trd, 001951.600, 143
Trd, 001951.670, 148
Trd, 001951.750, 149.0
Trd, 001951.790, 128
Trd, 001952.050, 120
Trd, 001952.140, 157
Trd, 001952.550, 148
Trd, 001952.750, 161.0
Trd, 001953.000, 150
Trd, 001953.280, 134
Trd, 001953.370, 128
Trd, 001953.810, 129
Trd, 001953.860, 149
Trd, 001954.170, 129
Trd, 001955.460, 145
Trd, 001956.490, 142
Trd, 001960.230, 146
Trd, 001960.710, 139
Trd, 001976.360, 147
Trd, 001981.310, 105.0
Trd, 001981.440, 149
Trd, 001981.530, 161.0
Trd, 001981.690, 145
Trd, 001981.890, 160
Trd, 001982.080, 149.0
Trd, 001982.140, 144
Trd, 001982.260, 145
Trd, 001982.310, 134
Trd, 001982.600, 125
Trd, 001982.720, 127.0
Trd, 001982.860, 155
Trd, 001983.210, 127
Trd, 001983.250, 147
Trd, 001983.580, 166.0
Trd, 001984.090, 124.0
Trd, 001987.750, 130
Trd, 001987.780, 126
Trd, 001990.980, 139
Trd, 001992.310, 147
Trd, 002002.520, 143
Trd, 002003.600, 125
Trd, 002011.560, 137.0
Trd, 002011.670, 141
Trd, 002011.700, 146
Trd, 002011.840, 138
Trd, 002011.860, 136
Trd, 002011.870, 149
Trd, 002011.880, 163
Trd, 002012.050, 148.0
Trd, 002012.600, 144
Trd, 002012.830, 136
Trd, 002014.190, 141
Trd, 002014.500, 144
Trd, 002014.860, 127
Trd, 002015.460, 144
Trd, 002017.520, 141
Trd, 002018.100, 144
Trd, 002019.740, 161.0
Trd, 002021.060, 140
Trd, 002024.350, 125
Trd, 002041.170, 123.0
Trd, 002041.490, 139
Trd, 002041.530, 134
Trd, 002041.700, 127.0
Trd, 002041.800, 139.0
Trd, 002041.860, 128
Trd, 002041.960, 144
Trd, 002041.980, 146
Trd, 002042.400, 139
Trd, 002042.530, 147
Trd, 002042.800, 147
Trd, 002042.810, 124
Trd, 002043.200, 158
Trd, 002044.410, 160.0
Trd, 002044.500, 148
Trd, 002048.070, 153
Trd, 002049.220, 151
Trd, 002049.440, 149
Trd, 002055.000, 144
Trd, 002057.310, 123.0
Trd, 002061.940, 150
Trd, 002063.790, 135
Trd, 002071.360, 96.0
Trd, 002071.550, 128.0
Trd, 002071.570, 138.0
Trd, 002071.690, 127.0
Trd, 002071.700, 122
Trd, 002071.740, 170.0
Trd, 002071.920, 173.0
Trd, 002072.620, 141
Trd, 002072.980, 144
Trd, 002073.490, 147.0
Trd, 002074.620, 156
Trd, 002074.710, 157
Trd, 002075.740, 144
Trd, 002077.020, 157
Trd, 002077.380, 136
Trd, 002081.240, 132
Trd, 002081.560, 154
Trd, 002082.820, 152
Trd, 002087.080, 128
Trd, 002089.040, 124
Trd, 002101.420, 138
Trd, 002101.490, 143
Trd, 002101.640, 140
Trd, 002101.660, 146
Trd, 002101.790, 143
Trd, 002101.920, 140
Trd, 002101.980, 123
Trd, 002102.230, 127.0
Trd, 002102.320, 159
Trd, 002102.760, 136
Trd, 002103.160, 142
Trd, 002104.090, 152
Trd, 002104.740, 147.0
Trd, 002105.390, 142
Trd, 002105.580, 126
Trd, 002106.070, 144
Trd, 002106.380, 124.0
Trd, 002108.250, 141
Trd, 002114.990, 147
Trd, 002115.460, 137
Trd, 002115.830, 158
Trd, 002116.600, 113.0
Trd, 002131.490, 128.0
Trd, 002131.510, 152
Trd, 002131.710, 127
Trd, 002131.780, 138
Trd, 002131.950, 141
Trd, 002132.410, 146
Trd, 002132.470, 160
Trd, 002132.520, 136
Trd, 002132.540, 139.0
Trd, 002132.940, 126
Trd, 002133.190, 127.0
Trd, 002133.250, 156
Trd, 002133.350, 159
Trd, 002134.110, 149
Trd, 002134.440, 160.0
Trd, 002134.480, 165.0
Trd, 002135.190, 128
Trd, 002136.650, 132
Trd, 002138.290, 136
Trd, 002156.250, 126
Trd, 002157.630, 134
Trd, 002161.440, 193
Trd, 002161.470, 113.0
Trd, 002161.560, 137.0
Trd, 002161.570, 148
Trd, 002161.850, 140
Trd, 002161.900, 140
Trd, 002162.010, 139
Trd, 002162.020, 142
Trd, 002162.070, 129
Trd, 002162.370, 156
Trd, 002162.420, 165
Trd, 002163.430, 127
Trd, 002163.720, 164
Trd, 002163.800, 134
Trd, 002164.170, 161.0
Trd, 002164.190, 166.0
Trd, 002165.020, 126
Trd, 002166.400, 124.0
Trd, 002167.460, 151
Trd, 002168.230, 123
Trd, 002176.940, 112
Trd, 002191.490, 122
Trd, 002191.520, 148
Trd, 002191.550, 150
Trd, 002191.570, 140
Trd, 002191.730, 152
Trd, 002191.770, 167.0
Trd, 002191.870, 120
Trd, 002192.230, 143
Trd, 002192.610, 146
Trd, 002192.630, 150
Trd, 002192.660, 162.0
Trd, 002192.710, 166
Trd, 002192.780, 148.0
Trd, 002192.980, 141
Trd, 002193.000, 139
Trd, 002193.640, 127
Trd, 002196.330, 138
Trd, 002196.980, 144
Trd, 002200.290, 144
Trd, 002216.920, 127
Trd, 002221.460, 194.0
Trd, 002221.480, 188.0
Trd, 002221.730, 138.0
Trd, 002221.850, 122.0
Trd, 002222.110, 147
Trd, 002222.160, 156
Trd, 002222.560, 160.0
Trd, 002223.120, 126.0
Trd, 002223.330, 124
Trd, 002224.090, 126
Trd, 002224.920, 138
Trd, 002225.330, 135
Trd, 002225.470, 143
Trd, 002225.810, 134
Trd, 002225.910, 133
Trd, 002227.130, 147
Trd, 002227.780, 149
Trd, 002228.040, 159
Trd, 002234.900, 128
Trd, 002235.300, 144
Trd, 002235.760, 159
Trd, 002251.450, 193.0
Trd, 002251.620, 149.0
Trd, 002251.680, 164
Trd, 002251.770, 166
Trd, 002251.800, 172.0
Trd, 002251.890, 155
Trd, 002251.930, 161.0
Trd, 002251.980, 141
Trd, 002251.990, 170.0
Trd, 002252.340, 123
Trd, 002252.480, 137.0
Trd, 002253.130, 133
Trd, 002254.330, 125
Trd, 002254.510, 144
Trd, 002255.180, 148
Trd, 002256.500, 150
Trd, 002256.750, 151
Trd, 002259.060, 137
Trd, 002265.050, 137
Trd, 002267.930, 126
Trd, 002276.410, 139
Trd, 002281.420, 128.0
Trd, 002281.560, 193.0
Trd, 002281.650, 145
Trd, 002281.670, 123.0
Trd, 002281.820, 188.0
Trd, 002281.890, 167
Trd, 002282.000, 196.0
Trd, 002282.320, 173.0
Trd, 002282.730, 170.0
Trd, 002283.350, 160
Trd, 002284.470, 161.0
Trd, 002285.610, 159
Trd, 002287.900, 143
Trd, 002288.320, 143
Trd, 002291.110, 138
Trd, 002294.090, 128
Trd, 002300.660, 157
Trd, 002311.420, 153
Trd, 002311.560, 169
Trd, 002311.750, 152
Trd, 002311.940, 150
Trd, 002311.970, 151
Trd, 002312.020, 153
Trd, 002312.100, 133
Trd, 002312.190, 167.0
Trd, 002312.480, 151
Trd, 002312.900, 147.0
Trd, 002312.940, 139
Trd, 002313.120, 128.0
Trd, 002313.600, 149
Trd, 002316.110, 146
Trd, 002316.170, 139
Trd, 002320.950, 129
Trd, 002322.020, 127
Trd, 002325.050, 131
Trd, 002335.550, 126
Trd, 002341.470, 160.0
Trd, 002341.830, 157
Trd, 002341.920, 170.0
Trd, 002342.000, 172.0
Trd, 002342.150, 147.0
Trd, 002342.270, 163
Trd, 002342.440, 155
Trd, 002342.630, 162
Trd, 002342.670, 148
Trd, 002342.780, 126
Trd, 002342.830, 154
Trd, 002343.030, 154
Trd, 002343.230, 150
Trd, 002343.480, 125
Trd, 002343.590, 143
Trd, 002343.770, 127.0
Trd, 002344.040, 124.0
Trd, 002345.080, 127
Trd, 002345.520, 114.0
Trd, 002346.550, 129
Trd, 002347.870, 144
Trd, 002349.900, 144
Trd, 002356.630, 147
Trd, 002367.050, 128
Trd, 002371.510, 104.0
Trd, 002371.630, 127.0
Trd, 002371.840, 112.0
Trd, 002371.990, 126.0
Trd, 002372.160, 167.0
Trd, 002372.400, 117
Trd, 002372.450, 128
Trd, 002372.590, 139.0
Trd, 002372.830, 156
Trd, 002373.250, 149.0
Trd, 002374.000, 144
Trd, 002374.540, 144
Trd, 002374.950, 155
Trd, 002378.460, 153
Trd, 002379.460, 145
Trd, 002384.530, 161.0
Trd, 002386.080, 128
Trd, 002399.970, 149
Trd, 002401.520, 146
Trd, 002401.650, 135
Trd, 002401.660, 148
Trd, 002401.930, 128.0
Trd, 002401.940, 141
Trd, 002401.990, 146
Trd, 002402.460, 149.0
Trd, 002402.530, 148
Trd, 002402.580, 142
Trd, 002402.630, 160
Trd, 002403.130, 161
Trd, 002403.270, 142
Trd, 002403.990, 139
Trd, 002404.150, 137
Trd, 002405.670, 127
Trd, 002406.420, 154
Trd, 002407.220, 162.0
Trd, 002408.040, 140
Trd, 002408.340, 124.0
Trd, 002411.550, 137
Trd, 002431.590, 89.0
Trd, 002431.610, 104.0
Trd, 002431.620, 125.0
Trd, 002431.770, 160
Trd, 002431.830, 166.0
Trd, 002431.900, 148.0
Trd, 002431.930, 142
Trd, 002432.080, 147
Trd, 002432.140, 142
Trd, 002432.210, 164
Trd, 002432.510, 151
Trd, 002432.960, 148
Trd, 002433.960, 149
Trd, 002434.130, 146
Trd, 002434.680, 145
Trd, 002435.040, 138
Trd, 002435.270, 150
Trd, 002436.810, 128
Trd, 002449.620, 143
Trd, 002461.640, 98.0
Trd, 002461.880, 129.0
Trd, 002461.890, 138
Trd, 002461.920, 145
Trd, 002462.060, 125.0
Trd, 002462.210, 129
Trd, 002462.350, 145
Trd, 002462.700, 124
Trd, 002462.770, 122.0
Trd, 002462.880, 123
Trd, 002463.130, 150
Trd, 002463.510, 158
Trd, 002463.800, 149
Trd, 002468.170, 150
Trd, 002469.370, 149.0
Trd, 002469.840, 146
Trd, 002471.480, 155
Trd, 002475.010, 142
Trd, 002476.310, 124
Trd, 002485.650, 129
Trd, 002491.600, 193.0
Trd, 002491.610, 188.0
Trd, 002491.800, 151
Trd, 002491.930, 165.0
Trd, 002492.080, 147.0
Trd, 002492.230, 165
Trd, 002492.280, 108
Trd, 002492.680, 127.0
Trd, 002492.710, 139.0
Trd, 002493.050, 130
Trd, 002493.270, 141
Trd, 002493.610, 126
Trd, 002497.470, 141
Trd, 002498.380, 151
Trd, 002499.150, 142
Trd, 002501.370, 141
Trd, 002505.040, 157
Trd, 002505.140, 127
Trd, 002505.340, 123
Trd, 002506.720, 122.0
Trd, 002510.490, 127
Trd, 002521.540, 197.0
Trd, 002521.550, 166
Trd, 002521.610, 138
Trd, 002521.800, 148.0
Trd, 002521.880, 127.0
Trd, 002521.940, 111.0
Trd, 002522.040, 108
Trd, 002522.230, 105
Trd, 002522.290, 129.0
Trd, 002522.320, 143
Trd, 002522.780, 144
Trd, 002522.980, 157
Trd, 002523.330, 154
Trd, 002524.040, 155
Trd, 002524.510, 158
Trd, 002524.560, 159
Trd, 002526.280, 143
Trd, 002528.080, 137
Trd, 002530.390, 137
Trd, 002540.840, 127
Trd, 002551.090, 138
Trd, 002551.540, 165.0
Trd, 002551.700, 114.0
Trd, 002551.730, 163
Trd, 002551.800, 177
Trd, 002551.860, 150
Trd, 002551.970, 149
Trd, 002552.010, 145
Trd, 002552.330, 127.0
Trd, 002552.340, 149
Trd, 002553.070, 156
Trd, 002553.560, 158
Trd, 002554.000, 149.0
Trd, 002554.530, 142
Trd, 002554.600, 155
Trd, 002554.800, 130
Trd, 002554.870, 125
Trd, 002556.530, 141
Trd, 002559.070, 130
Trd, 002559.110, 125
Trd, 002562.470, 124.0
Trd, 002568.660, 119
Trd, 002577.780, 145
Trd, 002581.600, 162.0
Trd, 002581.880, 145
Trd, 002581.960, 144
Trd, 002582.100, 140
Trd, 002582.320, 149
Trd, 002582.340, 143
Trd, 002582.500, 128
Trd, 002582.550, 149
Trd, 002582.630, 128.0
Trd, 002582.710, 143
Trd, 002582.730, 113.0
Trd, 002583.300, 127.0
Trd, 002583.690, 160
Trd, 002583.800, 122.0
Trd, 002584.490, 144
Trd, 002586.820, 133
Trd, 002589.520, 160
Trd, 002591.210, 161
Trd, 002594.000, 126
Trd, 002595.260, 166.0
Trd, 002596.500, 139
Trd, 002603.330, 136
Trd, 002611.550, 175.0
Trd, 002611.810, 127.0
Trd, 002611.820, 160.0
Trd, 002612.040, 127.0
Trd, 002612.200, 139.0
Trd, 002612.650, 138
Trd, 002612.970, 134
Trd, 002613.000, 129
Trd, 002613.430, 150
Trd, 002613.480, 147.0
Trd, 002613.700, 160
Trd, 002613.790, 143
Trd, 002613.860, 123.0
Trd, 002614.040, 159
Trd, 002615.620, 148
Trd, 002615.900, 148
Trd, 002617.130, 128
Trd, 002623.180, 132
Trd, 002623.190, 130
Trd, 002641.590, 96.0
Trd, 002641.720, 91.0
Trd, 002641.920, 128.0
Trd, 002642.140, 160
Trd, 002642.340, 150
Trd, 002642.360, 158
Trd, 002642.460, 158
Trd, 002642.540, 142
Trd, 002643.010, 153
Trd, 002643.280, 147.0
Trd, 002643.670, 155
Trd, 002644.220, 143
Trd, 002646.190, 127
Trd, 002647.010, 148
Trd, 002648.260, 152
Trd, 002650.000, 152
Trd, 002650.760, 144
Trd, 002655.590, 139
Trd, 002655.840, 124
Trd, 002664.070, 123
Trd, 002671.540, 182
Trd, 002671.680, 147.0
Trd, 002671.860, 143
Trd, 002671.950, 143
Trd, 002672.110, 124
Trd, 002672.120, 129.0
Trd, 002672.200, 125.0
Trd, 002672.240, 118
Trd, 002672.290, 166
Trd, 002672.870, 139.0
Trd, 002673.470, 143
Trd, 002674.740, 144
Trd, 002675.420, 129
Trd, 002675.480, 145
Trd, 002675.840, 146
Trd, 002677.810, 141
Trd, 002678.950, 144
Trd, 002691.110, 154
Trd, 002693.680, 139
Trd, 002695.040, 125
Trd, 002701.640, 150
Trd, 002701.790, 125.0
Trd, 002701.860, 113
Trd, 002701.870, 161
Trd, 002702.010, 166.0
Trd, 002702.020, 171.0
Trd, 002702.420, 150
Trd, 002702.440, 153
Trd, 002702.570, 156
Trd, 002702.660, 148.0
Trd, 002703.030, 140
Trd, 002703.310, 155
Trd, 002703.370, 139
Trd, 002703.600, 136
Trd, 002705.470, 153
Trd, 002709.430, 143
Trd, 002711.020, 150
Trd, 002711.160, 129
Trd, 002715.010, 125
Trd, 002718.930, 132
Trd, 002720.780, 130
Trd, 002731.600, 172.0
Trd, 002731.740, 195.0
Trd, 002731.830, 187.0
Trd, 002732.250, 151
Trd, 002732.350, 156
Trd, 002732.400, 159
Trd, 002732.440, 145
Trd, 002732.550, 135
Trd, 002732.690, 124.0
Trd, 002732.940, 135
Trd, 002733.020, 123
Trd, 002733.550, 149.0
Trd, 002734.350, 150
Trd, 002734.560, 149
Trd, 002735.780, 152
Trd, 002737.720, 146
Trd, 002737.930, 144
Trd, 002740.830, 152
Trd, 002741.630, 152
Trd, 002742.600, 157
Trd, 002761.610, 104.0
Trd, 002761.710, 122
Trd, 002761.780, 127.0
Trd, 002761.810, 172.0
Trd, 002761.850, 126.0
Trd, 002761.940, 196.0
Trd, 002762.580, 186.0
Trd, 002762.670, 173.0
Trd, 002763.030, 160
Trd, 002763.700, 147.0
Trd, 002763.840, 165.0
Trd, 002763.890, 122.0
Trd, 002765.380, 139
Trd, 002768.630, 144
Trd, 002771.330, 147
Trd, 002772.290, 149
Trd, 002773.020, 148
Trd, 002775.330, 154
Trd, 002781.360, 152
Trd, 002788.270, 122
Trd, 002791.650, 123
Trd, 002791.700, 125
Trd, 002791.750, 147
Trd, 002791.800, 136
Trd, 002792.140, 137
Trd, 002792.170, 139.0
Trd, 002792.370, 134
Trd, 002792.410, 133
Trd, 002792.450, 154
Trd, 002792.640, 149.0
Trd, 002792.650, 128
Trd, 002792.760, 125
Trd, 002792.890, 126
Trd, 002793.310, 156
Trd, 002795.370, 137
Trd, 002795.690, 129.0
Trd, 002799.160, 137
Trd, 002799.920, 159
Trd, 002800.370, 135
Trd, 002801.090, 148
Trd, 002805.440, 161.0
Trd, 002806.770, 126
Trd, 002821.670, 174.0
Trd, 002821.760, 188.0
Trd, 002821.920, 137
Trd, 002821.990, 132
Trd, 002822.110, 127
Trd, 002822.230, 150
Trd, 002823.010, 123.0
Trd, 002823.230, 144
Trd, 002823.320, 122
Trd, 002823.360, 145
Trd, 002823.380, 153
Trd, 002823.590, 162.0
Trd, 002824.510, 149
Trd, 002826.550, 150
Trd, 002828.710, 151
Trd, 002831.030, 145
Trd, 002831.450, 134
Trd, 002834.550, 139
Trd, 002835.460, 144
Trd, 002847.540, 153
Trd, 002850.020, 130
Trd, 002851.630, 126.0
Trd, 002851.660, 115
Trd, 002851.850, 147.0
Trd, 002851.900, 149
Trd, 002851.950, 167.0
Trd, 002852.020, 124
Trd, 002852.350, 160.0
Trd, 002852.530, 136
Trd, 002852.560, 123
Trd, 002852.790, 159
Trd, 002852.840, 132
Trd, 002853.150, 123.0
Trd, 002853.590, 160
Trd, 002854.170, 163
Trd, 002854.250, 154
Trd, 002854.680, 144
Trd, 002854.940, 135
Trd, 002856.350, 145
Trd, 002859.750, 130
Trd, 002864.160, 157
Trd, 002865.390, 162
Trd, 002881.710, 174.0
Trd, 002881.810, 188.0
Trd, 002881.880, 171
Trd, 002881.940, 164
Trd, 002882.020, 162.0
Trd, 002882.110, 157
Trd, 002882.120, 156
Trd, 002882.370, 152
Trd, 002882.600, 162
Trd, 002883.180, 162
Trd, 002883.660, 153
Trd, 002884.100, 162
Trd, 002884.170, 149.0
Trd, 002884.430, 140
Trd, 002884.450, 127
Trd, 002884.660, 123
Trd, 002885.660, 154
Trd, 002885.900, 159
Trd, 002886.700, 122.0
Trd, 002892.670, 156
Trd, 002909.930, 113.0
Trd, 002911.660, 154
Trd, 002911.730, 147
Trd, 002911.850, 148
Trd, 002911.900, 134
Trd, 002912.110, 137.0
Trd, 002912.130, 132
Trd, 002912.330, 148
Trd, 002912.340, 120
Trd, 002912.470, 145
Trd, 002912.720, 122
Trd, 002913.100, 157
Trd, 002913.420, 149
Trd, 002914.120, 154
Trd, 002914.980, 148
Trd, 002916.370, 144
Trd, 002916.670, 158
Trd, 002919.230, 160.0
Trd, 002919.500, 148
Trd, 002929.470, 127
Trd, 002933.180, 122.0
Trd, 002941.780, 130
Trd, 002942.010, 125.0
Trd, 002942.070, 138
Trd, 002942.130, 122
Trd, 002942.400, 123.0
Trd, 002942.410, 140
Trd, 002942.450, 141
Trd, 002942.590, 147
Trd, 002943.000, 153
Trd, 002943.030, 159
Trd, 002943.230, 153
Trd, 002943.470, 161
Trd, 002944.760, 131
Trd, 002944.860, 137.0
Trd, 002948.380, 158
Trd, 002948.590, 138
Trd, 002949.560, 128
Trd, 002949.860, 126
Trd, 002952.870, 155
Trd, 002957.080, 138
Trd, 002961.460, 126
Trd, 002971.670, 137
Trd, 002971.780, 143
Trd, 002972.240, 148
Trd, 002972.280, 119
Trd, 002972.340, 115
Trd, 002972.350, 160
Trd, 002972.390, 161.0
Trd, 002972.400, 166.0
Trd, 002973.220, 138.0
Trd, 002973.360, 148
Trd, 002973.560, 125.0
Trd, 002974.500, 149
Trd, 002975.000, 150
Trd, 002975.440, 141
Trd, 002976.280, 150
Trd, 002977.660, 142
Trd, 002978.020, 158
Trd, 002979.640, 141
Trd, 002980.060, 134
Trd, 002981.080, 127
Trd, 002986.090, 122.0
Trd, 002995.680, 114.0
Trd, 003001.690, 138
Trd, 003001.900, 172.0
Trd, 003002.140, 196.0
Trd, 003002.320, 195.0
Trd, 003002.340, 175.0
Trd, 003002.570, 181
Trd, 003002.760, 175
Trd, 003002.810, 170.0
Trd, 003003.100, 148.0
Trd, 003003.200, 133
Trd, 003003.210, 160
Trd, 003003.520, 131
Trd, 003003.610, 126
Trd, 003003.650, 125
Trd, 003004.400, 135
Trd, 003005.550, 136
Trd, 003008.120, 145
Trd, 003011.700, 151
Trd, 003025.610, 134
Trd, 003031.840, 104.0
Trd, 003031.850, 137
Trd, 003031.890, 100
Trd, 003031.910, 142
Trd, 003031.940, 143
Trd, 003032.230, 124
Trd, 003032.270, 160.0
Trd, 003032.330, 156
Trd, 003032.380, 161
Trd, 003032.470, 122.0
Trd, 003032.680, 145
Trd, 003033.170, 137.0
Trd, 003033.510, 131
Trd, 003034.080, 142
Trd, 003034.560, 127
Trd, 003037.060, 129.0
Trd, 003038.230, 139
Trd, 003040.720, 133
Trd, 003044.770, 138
Trd, 003046.390, 127
Trd, 003048.370, 133
Trd, 003051.300, 159
Trd, 003055.250, 126
Trd, 003058.890, 113.0
Trd, 003061.750, 120
Trd, 003061.900, 127.0
Trd, 003061.940, 160
Trd, 003062.030, 142
Trd, 003062.080, 125
Trd, 003062.210, 126.0
Trd, 003062.340, 139
Trd, 003062.980, 126
Trd, 003063.120, 140
Trd, 003064.550, 143
Trd, 003065.620, 149.0
Trd, 003067.310, 141
Trd, 003067.750, 157
Trd, 003067.860, 134
Trd, 003075.600, 161.0
Trd, 003076.740, 154
Trd, 003078.690, 145
Trd, 003080.450, 127
Trd, 003083.770, 129
Trd, 003084.180, 130
Trd, 003084.580, 128
Trd, 003089.340, 153
Trd, 003091.820, 142
Trd, 003091.970, 145
Trd, 003092.080, 145
Trd, 003092.140, 143
Trd, 003092.170, 130
Trd, 003092.310, 127
Trd, 003092.430, 136
Trd, 003092.570, 145
Trd, 003092.840, 145
Trd, 003093.690, 148.0
Trd, 003094.100, 145
Trd, 003094.320, 138
Trd, 003094.680, 149
Trd, 003095.480, 155
Trd, 003097.830, 139
Trd, 003099.050, 124.0
Trd, 003100.230, 122
Trd, 003103.330, 146
Trd, 003114.840, 156
Trd, 003121.730, 112.0
Trd, 003121.750, 104.0
Trd, 003122.010, 131
Trd, 003122.040, 129
Trd, 003122.100, 139.0
Trd, 003122.150, 156
Trd, 003122.250, 148.0
Trd, 003122.270, 159
Trd, 003122.490, 146
Trd, 003123.160, 155
Trd, 003123.430, 161
Trd, 003123.570, 151
Trd, 003124.470, 134
Trd, 003124.910, 161.0
Trd, 003126.540, 155
Trd, 003127.130, 156
Trd, 003127.570, 151
Trd, 003133.050, 142
Trd, 003137.810, 165
Trd, 003140.580, 126
Trd, 003145.660, 136
Trd, 003151.720, 129.0
Trd, 003151.840, 90.0
Trd, 003151.880, 172.0
Trd, 003152.110, 198.0
Trd, 003152.160, 187.0
Trd, 003152.470, 138.0
Trd, 003152.610, 137
Trd, 003153.370, 157
Trd, 003153.550, 122.0
Trd, 003155.710, 148.0
Trd, 003158.240, 149
Trd, 003158.920, 150
Trd, 003159.740, 145
Trd, 003160.460, 146
Trd, 003162.280, 156
Trd, 003163.490, 156
Trd, 003164.880, 126
Trd, 003166.380, 160
Trd, 003173.850, 161.0
Trd, 003181.760, 175.0
Trd, 003181.820, 186.0
Trd, 003181.880, 175
Trd, 003181.990, 168
Trd, 003182.280, 145
Trd, 003182.450, 144
Trd, 003182.500, 133
Trd, 003183.650, 148.0
Trd, 003184.280, 127.0
Trd, 003184.960, 133
Trd, 003185.210, 146
Trd, 003187.420, 142
Trd, 003188.300, 143
Trd, 003189.850, 132
Trd, 003192.720, 137
Trd, 003194.250, 143
Trd, 003209.300, 141
Trd, 003209.700, 159
Trd, 003211.740, 188.0
Trd, 003211.900, 195.0
Trd, 003212.390, 125.0
Trd, 003212.520, 124.0
Trd, 003212.710, 149
Trd, 003212.910, 154
Trd, 003212.990, 156
Trd, 003213.030, 141
Trd, 003213.140, 141
Trd, 003213.780, 159
Trd, 003213.960, 149.0
Trd, 003213.980, 161
Trd, 003214.140, 156
Trd, 003214.730, 144
Trd, 003215.170, 155
Trd, 003216.860, 129
Trd, 003217.960, 124
Trd, 003233.040, 153
Trd, 003237.480, 150
Trd, 003241.820, 147
Trd, 003241.920, 143
Trd, 003242.060, 125
Trd, 003242.220, 141
Trd, 003242.260, 141
Trd, 003242.410, 142
Trd, 003242.450, 153
Trd, 003242.690, 157
Trd, 003242.900, 141
Trd, 003242.930, 165.0
Trd, 003243.350, 130
Trd, 003243.650, 142
Trd, 003243.680, 170.0
Trd, 003243.760, 124
Trd, 003243.870, 171
Trd, 003248.090, 148.0
Trd, 003249.040, 123
Trd, 003250.300, 123.0
Trd, 003253.690, 137
Trd, 003258.440, 122
Trd, 003259.270, 152
Trd, 003264.030, 162.0
Trd, 003266.220, 114.0
Trd, 003271.790, 163
Trd, 003272.060, 150
Trd, 003272.070, 165
Trd, 003272.180, 131
Trd, 003272.230, 150
Trd, 003272.290, 129
Trd, 003272.460, 134
Trd, 003272.670, 137.0
Trd, 003272.960, 144
Trd, 003273.150, 148
Trd, 003273.260, 124.0
Trd, 003273.580, 128.0
Trd, 003274.050, 151
Trd, 003274.590, 146
Trd, 003278.070, 157
Trd, 003280.160, 139
Trd, 003285.230, 136
Trd, 003286.230, 146
Trd, 003288.810, 144
Trd, 003289.900, 126
Trd, 003298.770, 128
Trd, 003301.790, 139.0
Trd, 003301.990, 123.0
Trd, 003302.100, 162.0
Trd, 003302.210, 123
Trd, 003302.490, 134
Trd, 003302.540, 142
Trd, 003302.710, 134
Trd, 003302.760, 166.0
Trd, 003302.820, 129
Trd, 003302.950, 169.0
Trd, 003303.130, 163
Trd, 003303.290, 171.0
Trd, 003304.010, 172
Trd, 003305.450, 152
Trd, 003306.930, 147.0
Trd, 003307.080, 128
Trd, 003308.510, 161
Trd, 003310.590, 149
Trd, 003314.920, 124
Trd, 003315.920, 137
Trd, 003316.700, 113.0
Trd, 003317.170, 125
Trd, 003317.490, 131
Trd, 003329.140, 134
Trd, 003331.780, 154
Trd, 003331.870, 193
Trd, 003331.930, 171.0
Trd, 003332.050, 187.0
Trd, 003332.120, 129.0
Trd, 003332.470, 145
Trd, 003332.530, 148
Trd, 003332.550, 151
Trd, 003332.690, 142
Trd, 003332.750, 147
Trd, 003332.790, 161.0
Trd, 003333.020, 157
Trd, 003333.360, 139
Trd, 003333.770, 153
Trd, 003334.440, 155
Trd, 003337.730, 148
Trd, 003338.580, 128
Trd, 003339.640, 124
Trd, 003340.080, 123.0
Trd, 003343.480, 129
Trd, 003344.790, 160
Trd, 003361.900, 139.0
Trd, 003362.270, 152
Trd, 003362.290, 147
Trd, 003362.480, 195
Trd, 003362.490, 174.0
Trd, 003362.640, 159
Trd, 003362.720, 178
Trd, 003362.770, 154
Trd, 003363.090, 167.0
Trd, 003363.430, 148.0
Trd, 003363.940, 148
Trd, 003364.040, 158
Trd, 003364.610, 159
Trd, 003365.350, 145
Trd, 003365.690, 160.0
Trd, 003367.140, 128
Trd, 003367.280, 151
Trd, 003384.720, 125
Trd, 003389.450, 134
Trd, 003389.490, 145
Trd, 003391.800, 149
Trd, 003392.160, 148
Trd, 003392.190, 142
Trd, 003392.200, 127
Trd, 003392.280, 127
Trd, 003392.290, 128.0
Trd, 003392.320, 167.0
Trd, 003392.350, 126
Trd, 003392.520, 139.0
Trd, 003392.980, 152
Trd, 003393.030, 139
Trd, 003393.140, 162
Trd, 003393.300, 160
Trd, 003393.540, 142
Trd, 003395.420, 127
Trd, 003397.120, 147
Trd, 003397.300, 143
Trd, 003399.390, 131
Trd, 003400.010, 148
Trd, 003407.460, 129
Trd, 003409.650, 124
Trd, 003421.950, 105.0
Trd, 003421.980, 127.0
Trd, 003422.110, 127
Trd, 003422.170, 97.0
Trd, 003422.210, 148
Trd, 003422.260, 133
Trd, 003422.300, 161.0
Trd, 003422.320, 161
Trd, 003422.460, 140
Trd, 003422.660, 125
Trd, 003422.790, 164
Trd, 003423.320, 164
Trd, 003424.210, 141
Trd, 003424.620, 137
Trd, 003425.820, 141
Trd, 003429.780, 140
Trd, 003430.840, 167.0
Trd, 003433.560, 140
Trd, 003435.130, 128
Trd, 003447.360, 127
Trd, 003451.950, 137.0
Trd, 003452.020, 136
Trd, 003452.080, 131
Trd, 003452.150, 93
Trd, 003452.210, 89
Trd, 003452.270, 163
Trd, 003452.320, 137
Trd, 003452.340, 166.0
Trd, 003452.410, 172.0
Trd, 003452.440, 178
Trd, 003453.170, 124
Trd, 003453.600, 128.0
Trd, 003453.780, 123
Trd, 003454.180, 123.0
Trd, 003454.470, 127.0
Trd, 003456.220, 133
Trd, 003458.300, 136
Trd, 003458.510, 125
Trd, 003463.010, 138
Trd, 003464.060, 144
Trd, 003470.310, 148
Trd, 003481.840, 127.0
Trd, 003481.900, 139.0
Trd, 003482.030, 170.0
Trd, 003482.040, 147.0
Trd, 003482.340, 131
Trd, 003482.530, 163
Trd, 003482.710, 161
Trd, 003482.810, 124.0
Trd, 003482.870, 123
Trd, 003483.640, 126
Trd, 003483.740, 143
Trd, 003483.870, 160.0
Trd, 003484.450, 156
Trd, 003485.990, 145
Trd, 003486.920, 155
Trd, 003487.180, 156
Trd, 003491.860, 145
Trd, 003492.420, 141
Trd, 003494.930, 157
Trd, 003495.020, 161
Trd, 003497.260, 113.0
Trd, 003505.720, 118
Trd, 003511.850, 98.0
Trd, 003512.010, 138.0
Trd, 003512.220, 187.0
Trd, 003512.250, 172.0
Trd, 003512.470, 162
Trd, 003512.580, 138
Trd, 003512.670, 155
Trd, 003513.080, 194.0
Trd, 003513.270, 174.0
Trd, 003513.760, 198.0
Trd, 003514.420, 167
Trd, 003514.680, 145
Trd, 003517.380, 160
Trd, 003517.610, 151
Trd, 003517.790, 143
Trd, 003519.300, 152
Trd, 003528.730, 151
Trd, 003531.660, 142
Trd, 003541.840, 194.0
Trd, 003541.890, 176
Trd, 003541.980, 151
Trd, 003542.130, 138.0
Trd, 003542.270, 163
Trd, 003542.490, 157
Trd, 003542.710, 139
Trd, 003542.850, 154
Trd, 003543.090, 147
Trd, 003543.190, 158
Trd, 003543.330, 162.0
Trd, 003543.340, 143
Trd, 003543.730, 144
Trd, 003544.220, 136
Trd, 003544.520, 127
Trd, 003544.530, 156
Trd, 003548.100, 147
Trd, 003551.360, 141
Trd, 003554.780, 158
Trd, 003557.850, 133
Trd, 003571.890, 172.0
Trd, 003572.010, 163
Trd, 003572.080, 166
Trd, 003572.150, 138
Trd, 003572.320, 138.0
Trd, 003572.630, 135
Trd, 003572.960, 155
Trd, 003572.990, 146
Trd, 003573.160, 127
Trd, 003573.190, 167.0
Trd, 003573.530, 149.0
Trd, 003573.550, 125
Trd, 003574.340, 151
Trd, 003574.590, 131
Trd, 003575.920, 152
Trd, 003577.100, 153
Trd, 003583.930, 139
Trd, 003585.560, 148
Trd, 003586.080, 133
Trd, 003589.270, 158
Trd, 003593.920, 131
Trd, 003602.150, 152
Trd, 003602.260, 159
Trd, 003602.290, 159
Trd, 003602.370, 162.0
Trd, 003602.460, 155
Trd, 003602.740, 151
Trd, 003602.860, 157
Trd, 003602.880, 165.0
Trd, 003603.020, 162
Trd, 003603.230, 157
Trd, 003603.360, 157
Trd, 003604.230, 152
Trd, 003604.320, 148.0
Trd, 003604.420, 142
Trd, 003605.380, 127
Trd, 003611.820, 158
Trd, 003615.550, 150
Trd, 003616.510, 139
Trd, 003618.470, 124
Trd, 003619.020, 128
Trd, 003631.780, 123.0
Trd, 003631.980, 186.0
Trd, 003632.010, 172.0
Trd, 003632.190, 177
Trd, 003632.300, 196.0
Trd, 003632.430, 173.0
Trd, 003632.550, 160
Trd, 003632.650, 167
Trd, 003632.710, 145
Trd, 003633.280, 153
Trd, 003633.390, 150
Trd, 003633.640, 141
Trd, 003633.990, 149.0
Trd, 003634.150, 148
Trd, 003634.930, 161.0
Trd, 003636.530, 144
Trd, 003638.920, 146
Trd, 003640.970, 146
Trd, 003644.520, 128
Trd, 003646.460, 124
Trd, 003651.200, 124.0
Trd, 003656.640, 113.0
Trd, 003661.910, 120
Trd, 003662.060, 146
Trd, 003662.250, 179
Trd, 003662.310, 175
Trd, 003662.630, 137.0
Trd, 003662.790, 127.0
Trd, 003662.990, 148.0
Trd, 003663.030, 148
Trd, 003663.080, 147
Trd, 003663.560, 155
Trd, 003663.880, 156
Trd, 003664.470, 161.0
Trd, 003665.400, 145
Trd, 003666.430, 154
Trd, 003667.350, 143
Trd, 003668.780, 135
Trd, 003683.960, 148
Trd, 003687.850, 128
Trd, 003691.890, 91.0
Trd, 003691.950, 126.0
Trd, 003692.100, 152
Trd, 003692.210, 161.0
Trd, 003692.320, 165.0
Trd, 003692.570, 177
Trd, 003692.790, 172.0
Trd, 003692.930, 173
Trd, 003693.010, 155
Trd, 003693.240, 151
Trd, 003693.270, 148
Trd, 003693.980, 170
Trd, 003696.500, 156
Trd, 003697.580, 153
Trd, 003700.490, 147.0
Trd, 003702.030, 156
Trd, 003702.100, 145
Trd, 003707.260, 125
Trd, 003722.070, 142
Trd, 003722.160, 167.0
Trd, 003722.220, 150
Trd, 003722.260, 169.0
Trd, 003722.370, 147
Trd, 003722.430, 160
Trd, 003723.010, 145
Trd, 003723.130, 139
Trd, 003723.150, 155
Trd, 003723.320, 126
Trd, 003723.770, 133
Trd, 003723.820, 154
Trd, 003724.840, 125
Trd, 003725.700, 153
Trd, 003725.880, 128
Trd, 003726.010, 153
Trd, 003726.340, 124.0
Trd, 003726.770, 124
Trd, 003727.180, 116
Trd, 003727.800, 146
Trd, 003729.740, 153
Trd, 003751.130, 135
Trd, 003751.940, 174.0
Trd, 003751.980, 117
Trd, 003752.120, 127.0
Trd, 003752.270, 137.0
Trd, 003752.360, 154
Trd, 003752.430, 164
Trd, 003752.480, 162
Trd, 003752.570, 143
Trd, 003752.940, 135
Trd, 003753.110, 160.0
Trd, 003753.400, 148.0
Trd, 003753.470, 134
Trd, 003753.610, 133
Trd, 003754.400, 151
Trd, 003755.680, 134
Trd, 003756.840, 149
Trd, 003759.590, 146
Trd, 003766.490, 127
Trd, 003773.030, 130
Trd, 003781.970, 193.0
Trd, 003782.250, 151
Trd, 003782.510, 148.0
Trd, 003782.520, 165
Trd, 003782.540, 133
Trd, 003782.580, 165.0
Trd, 003782.860, 126.0
Trd, 003783.230, 132
Trd, 003783.510, 138.0
Trd, 003783.860, 142
Trd, 003784.340, 143
Trd, 003785.830, 132
Trd, 003786.120, 145
Trd, 003788.130, 136
Trd, 003793.810, 133
Trd, 003796.490, 139
Trd, 003796.640, 139
Trd, 003805.760, 137
Trd, 003810.790, 126
Trd, 003811.940, 188.0
Trd, 003812.010, 129.0
Trd, 003812.260, 98.0
Trd, 003812.360, 115
Trd, 003812.440, 161.0
Trd, 003812.690, 139.0
Trd, 003812.730, 166.0
Trd, 003812.800, 139
Trd, 003813.300, 159
Trd, 003813.480, 159
Trd, 003813.530, 160
Trd, 003813.570, 152
Trd, 003814.390, 130
Trd, 003816.720, 126
Trd, 003816.900, 153
Trd, 003822.280, 138
Trd, 003822.610, 146
Trd, 003824.730, 141
Trd, 003826.880, 124
Trd, 003829.240, 124.0
Trd, 003832.370, 146
Trd, 003842.040, 98.0
Trd, 003842.150, 137.0
Trd, 003842.460, 128
Trd, 003842.600, 197.0
Trd, 003843.100, 186.0
Trd, 003843.120, 175.0
Trd, 003843.260, 166
Trd, 003843.300, 161
Trd, 003843.410, 152
Trd, 003843.490, 167.0
Trd, 003844.690, 162
Trd, 003846.910, 149
Trd, 003847.110, 147.0
Trd, 003849.550, 142
Trd, 003851.430, 132
Trd, 003853.730, 128
Trd, 003860.290, 144
Trd, 003860.620, 138
Trd, 003863.710, 143
Trd, 003871.990, 187.0
Trd, 003872.120, 180
Trd, 003872.250, 175.0
Trd, 003872.290, 140
Trd, 003872.450, 125
Trd, 003872.510, 178
Trd, 003872.800, 164
Trd, 003873.140, 140
Trd, 003873.240, 135
Trd, 003873.340, 162
Trd, 003873.500, 135
Trd, 003874.000, 145
Trd, 003875.670, 149.0
Trd, 003875.820, 150
Trd, 003876.130, 144
Trd, 003877.480, 143
Trd, 003879.520, 134
Trd, 003879.940, 151
Trd, 003881.810, 152
Trd, 003891.460, 150
Trd, 003892.990, 128
Trd, 003901.990, 145
Trd, 003902.120, 138.0
Trd, 003902.200, 146
Trd, 003902.260, 152
Trd, 003902.310, 148
Trd, 003902.340, 155
Trd, 003902.440, 133
Trd, 003903.150, 131
Trd, 003903.240, 148
Trd, 003903.420, 149
Trd, 003903.880, 151
Trd, 003904.000, 126
Trd, 003905.180, 152
Trd, 003905.300, 160
Trd, 003905.510, 141
Trd, 003905.860, 156
Trd, 003906.250, 138
Trd, 003915.670, 138
Trd, 003923.510, 142
Trd, 003931.410, 159
Trd, 003932.020, 90.0
Trd, 003932.050, 97.0
Trd, 003932.140, 126.0
Trd, 003932.430, 135
Trd, 003932.560, 139.0
Trd, 003932.770, 150
Trd, 003933.280, 128.0
Trd, 003933.910, 129
Trd, 003934.070, 136
Trd, 003935.600, 157
Trd, 003935.890, 140
Trd, 003941.190, 145
Trd, 003943.640, 150
Trd, 003950.000, 144
Trd, 003950.360, 142
Trd, 003955.150, 138
Trd, 003961.000, 128
Trd, 003961.630, 124
Trd, 003962.050, 173.0
Trd, 003962.110, 187.0
Trd, 003962.140, 151
Trd, 003962.230, 173
Trd, 003962.460, 167
Trd, 003962.740, 149
Trd, 003962.790, 152
Trd, 003963.020, 147.0
Trd, 003963.040, 139
Trd, 003963.530, 124
Trd, 003964.750, 134
Trd, 003964.810, 150
Trd, 003965.640, 125
Trd, 003966.280, 141
Trd, 003968.660, 149
Trd, 003971.100, 149
Trd, 003971.740, 149
Trd, 003975.670, 136
Trd, 003976.290, 123
Trd, 003981.290, 142
Trd, 003990.930, 143
Trd, 003992.040, 126
Trd, 003992.120, 176
Trd, 003992.280, 193.0
Trd, 003992.330, 171.0
Trd, 003992.370, 127.0
Trd, 003992.390, 123.0
Trd, 003992.400, 118
Trd, 003992.810, 160
Trd, 003992.910, 157
Trd, 003993.200, 145
Trd, 003993.520, 149
Trd, 003993.570, 158
Trd, 003993.630, 142
Trd, 003994.150, 138.0
Trd, 003994.330, 153
Trd, 003995.180, 147.0
Trd, 003997.990, 151
Trd, 003998.250, 148
Trd, 004000.750, 147
Trd, 004001.090, 147
Trd, 004001.400, 144
Trd, 004001.590, 145
Trd, 004002.250, 145
Trd, 004003.640, 147
Trd, 004004.340, 152.0
Trd, 004012.430, 137.0
Trd, 004014.620, 125
Trd, 004021.790, 125
Trd, 004022.010, 109.0
Trd, 004022.060, 125.0
Trd, 004022.080, 127.0
Trd, 004022.210, 120
Trd, 004022.370, 127.0
Trd, 004022.500, 129.0
Trd, 004022.520, 136.0
Trd, 004022.750, 151.0
Trd, 004022.960, 132
Trd, 004023.140, 150
Trd, 004023.220, 138
Trd, 004023.300, 152
Trd, 004023.340, 142
Trd, 004023.490, 153.0
Trd, 004024.490, 154
Trd, 004025.980, 154
Trd, 004026.160, 152
Trd, 004026.500, 155
Trd, 004029.950, 157
Trd, 004031.390, 156
Trd, 004033.800, 153
Trd, 004043.970, 150
Trd, 004047.420, 139.0
Trd, 004047.580, 152
Trd, 004048.330, 125
Trd, 004051.240, 160
Trd, 004052.200, 198.0
Trd, 004052.340, 171.0
Trd, 004052.350, 177
Trd, 004052.430, 170.0
Trd, 004052.600, 167.0
Trd, 004052.680, 158
Trd, 004052.790, 163.0
Trd, 004052.830, 152.0
Trd, 004053.070, 162
Trd, 004053.130, 156
Trd, 004053.310, 150.0
Trd, 004053.660, 152
Trd, 004053.670, 147.0
Trd, 004054.000, 146
Trd, 004054.300, 149
Trd, 004054.520, 145
Trd, 004055.310, 139.0
Trd, 004055.430, 149
Trd, 004055.520, 132
Trd, 004055.630, 129
Trd, 004057.340, 141
Trd, 004057.400, 145
Trd, 004060.610, 145
Trd, 004062.040, 128
Trd, 004067.480, 125
Trd, 004074.210, 138
Trd, 004082.140, 147.0
Trd, 004082.210, 153
Trd, 004082.320, 149
Trd, 004082.340, 150
Trd, 004082.350, 148
Trd, 004082.420, 146
Trd, 004082.450, 145
Trd, 004082.560, 145
Trd, 004082.590, 144
Trd, 004082.850, 133
Trd, 004082.920, 130
Trd, 004083.340, 128
Trd, 004083.730, 136
Trd, 004083.820, 133
Trd, 004084.120, 139
Trd, 004084.180, 133
Trd, 004084.600, 143
Trd, 004085.090, 141
Trd, 004085.860, 136
Trd, 004086.470, 139
Trd, 004086.970, 150
Trd, 004090.300, 151.0
Trd, 004091.580, 153.0
Trd, 004096.860, 125
Trd, 004100.290, 132
Trd, 004102.250, 125
Trd, 004110.750, 131
Trd, 004112.070, 186.0
Trd, 004112.210, 175.0
Trd, 004112.310, 196.0
Trd, 004112.370, 194.0
Trd, 004112.460, 183
Trd, 004112.490, 180
Trd, 004112.520, 170.0
Trd, 004112.650, 179
Trd, 004112.980, 164.0
Trd, 004113.010, 163
Trd, 004113.020, 162
Trd, 004113.250, 161.0
Trd, 004113.320, 158.0
Trd, 004113.560, 161
Trd, 004113.610, 165
Trd, 004113.710, 155
Trd, 004115.210, 150.0
Trd, 004115.930, 147.0
Trd, 004118.190, 143
Trd, 004120.420, 142
Trd, 004121.350, 147
Trd, 004122.260, 139.0
Trd, 004123.700, 125
Trd, 004124.310, 148
Trd, 004132.860, 125
Trd, 004142.010, 136
Trd, 004142.120, 96.0
Trd, 004142.170, 102.0
Trd, 004142.220, 129.0
Trd, 004142.440, 119
Trd, 004142.490, 118
Trd, 004142.560, 118.0
Trd, 004142.640, 121.0
Trd, 004142.670, 124
Trd, 004142.720, 149
Trd, 004143.090, 135
Trd, 004143.180, 135.0
Trd, 004143.230, 125
Trd, 004143.450, 149
Trd, 004143.960, 126
Trd, 004143.990, 132
Trd, 004144.160, 135
Trd, 004144.360, 132
Trd, 004144.450, 147.0
Trd, 004144.800, 133
Trd, 004145.570, 139.0
Trd, 004145.790, 150.0
Trd, 004146.820, 155.0
Trd, 004149.010, 148
Trd, 004150.250, 138
Trd, 004152.260, 155
Trd, 004154.960, 126
Trd, 004170.300, 128
Trd, 004172.180, 139.0
Trd, 004172.190, 160
Trd, 004172.250, 145
Trd, 004172.330, 138
Trd, 004172.450, 160.0
Trd, 004172.460, 135
Trd, 004172.480, 127
Trd, 004172.500, 160.0
Trd, 004172.790, 131
Trd, 004173.310, 142
Trd, 004173.320, 139
Trd, 004173.350, 144
Trd, 004173.520, 147
Trd, 004173.700, 152.0
Trd, 004174.050, 150
Trd, 004174.310, 148
Trd, 004175.060, 148
Trd, 004175.600, 147
Trd, 004176.260, 149
Trd, 004177.060, 146
Trd, 004177.680, 139.0
Trd, 004181.010, 134.0
Trd, 004181.300, 135
Trd, 004181.820, 137.0
Trd, 004183.880, 128
Trd, 004192.010, 123
Trd, 004200.770, 155.0
Trd, 004202.210, 105.0
Trd, 004202.250, 148
Trd, 004202.380, 151
Trd, 004202.490, 130
Trd, 004202.650, 131
Trd, 004202.750, 129
Trd, 004202.780, 128
Trd, 004203.080, 127
Trd, 004203.200, 129
Trd, 004203.240, 126
Trd, 004203.320, 124
Trd, 004203.430, 129
Trd, 004203.710, 133.0
Trd, 004203.740, 134
Trd, 004203.830, 135.0
Trd, 004204.420, 135.0
Trd, 004204.710, 136.0
Trd, 004204.920, 132.0
Trd, 004205.200, 139.0
Trd, 004207.010, 137
Trd, 004208.580, 140
Trd, 004209.370, 152.0
Trd, 004210.290, 154.0
Trd, 004211.660, 154
Trd, 004215.930, 148
Trd, 004228.060, 144
Trd, 004228.360, 127
Trd, 004228.380, 145
Trd, 004232.360, 124.0
Trd, 004232.370, 127.0
Trd, 004232.470, 122.0
Trd, 004232.650, 129
Trd, 004232.670, 129
Trd, 004232.690, 132
Trd, 004232.710, 148
Trd, 004232.810, 150
Trd, 004232.830, 150.0
Trd, 004233.000, 148.0
Trd, 004233.130, 148
Trd, 004233.150, 148
Trd, 004233.340, 155.0
Trd, 004233.400, 148
Trd, 004233.920, 146
Trd, 004234.170, 144
Trd, 004234.280, 142
Trd, 004234.840, 139
Trd, 004234.900, 138
Trd, 004235.520, 137.0
Trd, 004236.410, 133
Trd, 004237.140, 157
Trd, 004237.220, 128
Trd, 004239.010, 126
Trd, 004239.470, 138
Trd, 004244.700, 149
Trd, 004251.160, 137
Trd, 004252.300, 148
Trd, 004256.240, 122
Trd, 004262.100, 117
Trd, 004262.120, 112.0
Trd, 004262.170, 157.0
Trd, 004262.310, 124
Trd, 004262.370, 127.0
Trd, 004262.460, 130
Trd, 004262.540, 133
Trd, 004262.980, 136.0
Trd, 004263.070, 133
Trd, 004263.270, 134
Trd, 004263.290, 137
Trd, 004263.530, 138
Trd, 004263.710, 142
Trd, 004263.910, 144
Trd, 004264.240, 138
Trd, 004264.500, 152.0
Trd, 004265.900, 149.0
Trd, 004265.930, 143
Trd, 004266.120, 143
Trd, 004266.610, 142
Trd, 004268.470, 143
Trd, 004268.630, 140
Trd, 004271.680, 148
Trd, 004274.150, 153.0
Trd, 004286.630, 131
Trd, 004292.150, 160
Trd, 004292.270, 124
Trd, 004292.310, 128
Trd, 004292.570, 144
Trd, 004292.600, 153.0
Trd, 004292.650, 153.0
Trd, 004292.860, 142
Trd, 004292.920, 149
Trd, 004293.090, 133
Trd, 004293.140, 145.0
Trd, 004293.310, 129
Trd, 004293.450, 145
Trd, 004293.570, 145
Trd, 004293.790, 149.0
Trd, 004293.850, 148
Trd, 004293.970, 150.0
Trd, 004294.050, 144
Trd, 004294.760, 150
Trd, 004295.070, 147
Trd, 004296.370, 145
Trd, 004296.800, 143
Trd, 004298.640, 134
Trd, 004299.800, 126
Trd, 004301.950, 145
Trd, 004314.990, 131
Trd, 004318.960, 129
Trd, 004319.050, 126
Trd, 004322.200, 186
Trd, 004322.210, 179.0
Trd, 004322.220, 175.0
Trd, 004322.320, 198.0
Trd, 004322.340, 134
Trd, 004322.500, 171.0
Trd, 004322.610, 167
Trd, 004322.780, 164
Trd, 004322.950, 162.0
Trd, 004323.140, 158
Trd, 004323.450, 157.0
Trd, 004323.520, 153.0
Trd, 004323.690, 149.0
Trd, 004323.740, 152
Trd, 004323.900, 138
Trd, 004323.920, 138.0
Trd, 004324.370, 146.0
Trd, 004324.510, 146
Trd, 004325.030, 146.0
Trd, 004325.220, 147
Trd, 004326.240, 143
Trd, 004329.160, 128
Trd, 004330.230, 131
Trd, 004333.990, 138
Trd, 004336.160, 138
Trd, 004338.970, 126
Trd, 004339.320, 123.0
Trd, 004341.850, 119.0
Trd, 004352.170, 126
Trd, 004352.260, 127.0
Trd, 004352.270, 129.0
Trd, 004352.280, 137
Trd, 004352.290, 170.0
Trd, 004352.360, 112.0
Trd, 004352.410, 115
Trd, 004352.800, 151
Trd, 004352.850, 140
Trd, 004353.040, 138
Trd, 004353.090, 143
Trd, 004353.230, 143
Trd, 004353.360, 143
Trd, 004353.450, 140
Trd, 004353.790, 143
Trd, 004353.900, 147
Trd, 004353.950, 146.0
Trd, 004354.330, 146.0
Trd, 004355.450, 144
Trd, 004355.870, 141
Trd, 004357.180, 138.0
Trd, 004357.570, 148
Trd, 004357.810, 138
Trd, 004360.640, 132
Trd, 004366.680, 155.0
Trd, 004374.560, 124
Trd, 004382.110, 148.0
Trd, 004382.150, 187
Trd, 004382.220, 160
Trd, 004382.240, 109.0
Trd, 004382.590, 125.0
Trd, 004382.640, 137.0
Trd, 004382.790, 129
Trd, 004382.880, 135
Trd, 004382.910, 139
Trd, 004383.010, 139
Trd, 004383.160, 130
Trd, 004383.400, 134
Trd, 004383.470, 130
Trd, 004383.830, 133.0
Trd, 004384.070, 137.0
Trd, 004384.590, 140
Trd, 004384.940, 139
Trd, 004384.960, 131
Trd, 004385.820, 143
Trd, 004386.070, 143
Trd, 004386.520, 147
Trd, 004387.230, 150.0
Trd, 004388.150, 153.0
Trd, 004392.090, 136
Trd, 004400.190, 127
Trd, 004412.190, 96.0
Trd, 004412.320, 125.0
Trd, 004412.390, 124.0
Trd, 004412.430, 125.0
Trd, 004412.570, 122.0
Trd, 004412.860, 122.0
Trd, 004412.980, 126.0
Trd, 004413.040, 126
Trd, 004413.120, 120
Trd, 004413.330, 129.0
Trd, 004413.340, 132
Trd, 004413.380, 124
Trd, 004413.560, 127
Trd, 004414.040, 136.0
Trd, 004414.230, 139.0
Trd, 004414.690, 144
Trd, 004414.810, 146
Trd, 004415.340, 147
Trd, 004415.780, 145
Trd, 004416.390, 150.0
Trd, 004416.440, 145
Trd, 004417.990, 143
Trd, 004418.390, 155.0
Trd, 004421.950, 138.0
Trd, 004423.360, 126
Trd, 004426.140, 140
Trd, 004428.560, 118.0
Trd, 004442.210, 147
Trd, 004442.450, 141
Trd, 004442.670, 139
Trd, 004442.680, 138
Trd, 004442.720, 143
Trd, 004442.760, 144
Trd, 004442.810, 142
Trd, 004443.140, 137
Trd, 004443.150, 137.0
Trd, 004443.550, 133
Trd, 004443.630, 138
Trd, 004443.820, 137
Trd, 004443.900, 139.0
Trd, 004443.970, 145
Trd, 004444.220, 142
Trd, 004444.510, 147
Trd, 004444.760, 137
Trd, 004444.840, 152.0
Trd, 004446.010, 129
Trd, 004450.210, 137
Trd, 004450.720, 126
Trd, 004450.790, 154.0
Trd, 004452.950, 157
Trd, 004454.760, 129
Trd, 004456.680, 140
Trd, 004457.440, 134
Trd, 004458.840, 124
Trd, 004459.750, 122.0
Trd, 004466.480, 117.0
Trd, 004472.190, 182
Trd, 004472.330, 174.0
Trd, 004472.450, 151
Trd, 004472.560, 155
Trd, 004472.610, 159
Trd, 004472.800, 139.0
Trd, 004472.850, 138.0
Trd, 004473.110, 138
Trd, 004473.130, 143
Trd, 004473.370, 144
Trd, 004473.380, 141
Trd, 004473.540, 134
Trd, 004473.650, 138
Trd, 004473.670, 131
Trd, 004473.990, 138
Trd, 004474.200, 143
Trd, 004474.570, 144
Trd, 004475.000, 136
Trd, 004475.520, 137
Trd, 004478.780, 142
Trd, 004480.450, 142
Trd, 004500.730, 143
Trd, 004501.280, 134
Trd, 004502.220, 91.0
Trd, 004502.340, 120
Trd, 004502.490, 120
Trd, 004502.520, 121.0
Trd, 004502.550, 123.0
Trd, 004502.600, 127.0
Trd, 004502.650, 128.0
Trd, 004502.810, 134
Trd, 004502.940, 121
Trd, 004503.260, 135.0
Trd, 004503.440, 144
Trd, 004503.490, 129
Trd, 004503.580, 149
Trd, 004503.950, 138
Trd, 004504.700, 138
Trd, 004504.880, 148.0
Trd, 004505.180, 137
Trd, 004505.380, 150.0
Trd, 004505.700, 153.0
Trd, 004506.370, 136
Trd, 004506.510, 139
Trd, 004508.760, 138
Trd, 004511.510, 142
Trd, 004516.160, 156
Trd, 004518.990, 126
Trd, 004522.810, 140
Trd, 004526.300, 124.0
Trd, 004532.330, 140
Trd, 004532.360, 132
Trd, 004532.450, 132
Trd, 004532.530, 132
Trd, 004532.580, 126
Trd, 004532.610, 132
Trd, 004532.720, 130
Trd, 004532.890, 136
Trd, 004532.910, 136
Trd, 004532.970, 130
Trd, 004532.990, 129
Trd, 004533.050, 136
Trd, 004533.340, 134
Trd, 004533.370, 138
Trd, 004533.380, 144
Trd, 004533.500, 138.0
Trd, 004533.580, 154
Trd, 004534.300, 148.0
Trd, 004534.560, 137
Trd, 004535.750, 146
Trd, 004536.750, 155.0
Trd, 004536.860, 139
Trd, 004540.080, 141
Trd, 004543.990, 130
Trd, 004562.080, 131
Trd, 004562.260, 196.0
Trd, 004562.400, 151
Trd, 004562.520, 151.0
Trd, 004562.540, 148
Trd, 004562.620, 128.0
Trd, 004562.780, 138
Trd, 004562.870, 152
Trd, 004562.930, 154.0
Trd, 004563.040, 145
Trd, 004563.090, 137
Trd, 004563.720, 148
Trd, 004563.890, 142
Trd, 004563.960, 142
Trd, 004564.060, 146
Trd, 004564.140, 136
Trd, 004564.530, 128.0
Trd, 004564.590, 136
Trd, 004564.980, 149
Trd, 004568.290, 148.0
Trd, 004569.330, 150.0
Trd, 004570.710, 141
Trd, 004570.850, 139
Trd, 004570.920, 148
Trd, 004572.570, 133
Trd, 004577.910, 127
Trd, 004579.550, 127
Trd, 004580.990, 123
Trd, 004582.830, 122.0
Trd, 004592.250, 172
Trd, 004592.360, 153.0
Trd, 004592.380, 147.0
Trd, 004592.450, 148.0
Trd, 004592.690, 142.0
Trd, 004592.700, 145
Trd, 004592.720, 148.0
Trd, 004592.820, 132
Trd, 004592.920, 129
Trd, 004593.030, 133.0
Trd, 004593.090, 128
Trd, 004593.260, 137
Trd, 004593.350, 130
Trd, 004593.390, 139.0
Trd, 004593.660, 142
Trd, 004593.880, 140
Trd, 004594.050, 134
Trd, 004594.820, 145.0
Trd, 004595.180, 148
Trd, 004595.580, 150
Trd, 004595.680, 139.0
Trd, 004597.290, 137
Trd, 004598.510, 143
Trd, 004599.250, 151.0
Trd, 004606.790, 132
Trd, 004619.510, 131
Trd, 004619.650, 125
Trd, 004622.400, 144
Trd, 004622.410, 152
Trd, 004622.610, 159
Trd, 004622.640, 151.0
Trd, 004622.670, 158
Trd, 004622.740, 156
Trd, 004622.770, 162.0
Trd, 004622.870, 151
Trd, 004623.010, 150
Trd, 004623.030, 149
Trd, 004623.040, 145
Trd, 004623.230, 140
Trd, 004623.240, 146
Trd, 004623.500, 146
Trd, 004623.510, 139
Trd, 004623.600, 132
Trd, 004623.750, 150
Trd, 004624.020, 149.0
Trd, 004624.140, 152.0
Trd, 004625.270, 143
Trd, 004625.820, 150
Trd, 004626.780, 150
Trd, 004626.830, 133
Trd, 004635.750, 131
Trd, 004646.860, 152
Trd, 004652.210, 179
Trd, 004652.510, 149
Trd, 004652.530, 152.0
Trd, 004652.600, 147.0
Trd, 004652.730, 148.0
Trd, 004652.870, 148
Trd, 004652.880, 137
Trd, 004652.960, 151
Trd, 004653.010, 131
Trd, 004653.350, 135
Trd, 004653.430, 135.0
Trd, 004653.480, 139.0
Trd, 004653.900, 141
Trd, 004654.200, 139.0
Trd, 004654.360, 142
Trd, 004654.730, 142
Trd, 004654.790, 149
Trd, 004655.210, 150
Trd, 004655.480, 143
Trd, 004656.040, 142
Trd, 004656.140, 141
Trd, 004656.700, 147
Trd, 004661.950, 145
Trd, 004662.270, 139
Trd, 004664.880, 152
Trd, 004666.980, 126
Trd, 004682.260, 138.0
Trd, 004682.280, 186.0
Trd, 004682.370, 137.0
Trd, 004682.490, 153.0
Trd, 004682.630, 139
Trd, 004682.840, 131
Trd, 004682.910, 138
Trd, 004682.930, 138
Trd, 004682.950, 125
Trd, 004683.040, 146
Trd, 004683.050, 149
Trd, 004683.160, 123
Trd, 004683.430, 121
Trd, 004683.640, 129.0
Trd, 004683.660, 142
Trd, 004684.040, 135
Trd, 004684.120, 134
Trd, 004684.430, 137
Trd, 004686.000, 144
Trd, 004686.050, 136
Trd, 004686.520, 143
Trd, 004688.770, 151.0
Trd, 004690.110, 143
Trd, 004691.020, 143
Trd, 004691.750, 131
Trd, 004692.100, 149
Trd, 004712.230, 129.0
Trd, 004712.390, 193.0
Trd, 004712.470, 151
Trd, 004712.660, 151
Trd, 004712.690, 142
Trd, 004712.820, 130.0
Trd, 004712.940, 130.0
Trd, 004713.020, 139.0
Trd, 004713.190, 140
Trd, 004713.210, 133.0
Trd, 004713.420, 149
Trd, 004713.530, 155.0
Trd, 004713.670, 151
Trd, 004713.900, 155
Trd, 004714.560, 143
Trd, 004714.600, 148.0
Trd, 004714.780, 150.0
Trd, 004715.580, 150
Trd, 004716.370, 145
Trd, 004716.630, 138.0
Trd, 004717.980, 159
Trd, 004719.200, 133
Trd, 004720.070, 127
Trd, 004725.800, 130
Trd, 004733.740, 145
Trd, 004742.350, 147
Trd, 004742.410, 142.0
Trd, 004742.510, 129.0
Trd, 004742.590, 142.0
Trd, 004742.600, 126
Trd, 004742.800, 135
Trd, 004742.870, 125
Trd, 004742.970, 125
Trd, 004743.110, 130
Trd, 004743.130, 135
Trd, 004743.190, 125
Trd, 004743.320, 145
Trd, 004743.420, 138.0
Trd, 004743.710, 138.0
Trd, 004743.790, 133.0
Trd, 004743.970, 132
Trd, 004744.390, 133
Trd, 004744.560, 136
Trd, 004747.020, 141
Trd, 004748.260, 138
Trd, 004748.310, 152.0
Trd, 004750.840, 144
Trd, 004752.710, 124
Trd, 004754.360, 154.0
Trd, 004756.690, 129
Trd, 004763.130, 157
Trd, 004763.800, 129
Trd, 004772.290, 147.0
Trd, 004772.320, 130
Trd, 004772.490, 163
Trd, 004772.670, 151
Trd, 004772.740, 151
Trd, 004772.810, 144
Trd, 004772.890, 141.0
Trd, 004773.060, 119.0
Trd, 004773.220, 133
Trd, 004773.720, 142
Trd, 004773.800, 142
Trd, 004773.880, 144
Trd, 004774.110, 149.0
Trd, 004774.170, 150
Trd, 004774.560, 140
Trd, 004774.620, 141
Trd, 004774.990, 148
Trd, 004775.130, 138.0
Trd, 004776.850, 152.0
Trd, 004777.200, 154.0
Trd, 004777.240, 155
Trd, 004780.090, 151.0
Trd, 004781.230, 147
Trd, 004781.500, 128
Trd, 004783.160, 146
Trd, 004783.800, 126
Trd, 004786.590, 125
Trd, 004802.310, 196.0
Trd, 004802.440, 181
Trd, 004802.510, 173.0
Trd, 004802.650, 165.0
Trd, 004802.710, 158.0
Trd, 004802.820, 152
Trd, 004802.860, 156
Trd, 004802.920, 151.0
Trd, 004802.960, 147.0
Trd, 004803.040, 146
Trd, 004803.070, 145
Trd, 004803.300, 143
Trd, 004803.440, 142.0
Trd, 004803.720, 152.0
Trd, 004804.010, 152.0
Trd, 004804.160, 147
Trd, 004804.190, 139.0
Trd, 004804.320, 129.0
Trd, 004804.830, 133
Trd, 004805.780, 146
Trd, 004806.290, 127
Trd, 004807.330, 127
Trd, 004808.520, 137.0
Trd, 004811.250, 154
Trd, 004813.930, 138
Trd, 004832.330, 147.0
Trd, 004832.370, 127.0
Trd, 004832.430, 122.0
Trd, 004832.460, 119.0
Trd, 004832.530, 137
Trd, 004832.580, 129
Trd, 004832.620, 169.0
Trd, 004832.810, 146
Trd, 004832.850, 115
Trd, 004832.870, 114
Trd, 004833.030, 123
Trd, 004833.040, 135.0
Trd, 004833.340, 143
Trd, 004833.420, 162
Trd, 004833.730, 154.0
Trd, 004833.870, 166.0
Trd, 004833.990, 151
Trd, 004834.650, 160.0
Trd, 004834.920, 149
Trd, 004834.950, 148
Trd, 004835.010, 139.0
Trd, 004835.170, 140
Trd, 004835.480, 150.0
Trd, 004836.530, 151
Trd, 004837.300, 150.0
Trd, 004840.460, 161.0
Trd, 004846.370, 120
Trd, 004847.950, 117
Trd, 004860.080, 138
Trd, 004862.360, 127
Trd, 004862.520, 144
Trd, 004862.640, 160.0
Trd, 004862.770, 155.0
Trd, 004862.870, 142
Trd, 004862.980, 139.0
Trd, 004863.090, 163
Trd, 004863.140, 151.0
Trd, 004863.210, 165.0
Trd, 004863.400, 155
Trd, 004863.590, 138
Trd, 004863.680, 136
Trd, 004863.740, 151.0
Trd, 004863.810, 152.0
Trd, 004864.090, 148.0
Trd, 004864.320, 153
Trd, 004864.510, 157
Trd, 004864.770, 140
Trd, 004864.870, 137.0
Trd, 004865.730, 157
Trd, 004868.430, 128
Trd, 004868.500, 140
Trd, 004869.960, 128
Trd, 004870.850, 122.0
Trd, 004881.010, 131
Trd, 004881.900, 122
Trd, 004882.010, 121
Trd, 004888.980, 142
Trd, 004892.480, 101
Trd, 004892.540, 103.0
Trd, 004892.720, 105.0
Trd, 004892.740, 118
Trd, 004892.830, 114.0
Trd, 004892.950, 120.0
Trd, 004892.960, 116
Trd, 004893.010, 125
Trd, 004893.120, 127.0
Trd, 004893.210, 134
Trd, 004893.270, 121
Trd, 004893.380, 126
Trd, 004893.450, 132
Trd, 004893.630, 126.0
Trd, 004893.650, 135.0
Trd, 004893.940, 144
Trd, 004894.080, 138.0
Trd, 004894.310, 126
Trd, 004894.620, 148
Trd, 004894.980, 151.0
Trd, 004895.010, 155.0
Trd, 004897.300, 158
Trd, 004897.500, 149
Trd, 004900.620, 148
Trd, 004904.900, 146
Trd, 004905.760, 160
Trd, 004913.540, 127
Trd, 004914.790, 126
Trd, 004916.840, 122
Trd, 004922.330, 139
Trd, 004922.370, 141
Trd, 004922.470, 133
Trd, 004922.540, 148
Trd, 004922.550, 155.0
Trd, 004922.580, 121
Trd, 004922.730, 133.0
Trd, 004922.750, 138.0
Trd, 004922.980, 132
Trd, 004923.090, 136.0
Trd, 004923.140, 145
Trd, 004923.250, 124.0
Trd, 004923.470, 124.0
Trd, 004923.510, 152.0
Trd, 004923.820, 155
Trd, 004923.900, 151.0
Trd, 004924.000, 144
Trd, 004924.350, 126
Trd, 004924.400, 146
Trd, 004924.460, 146
Trd, 004924.610, 157
Trd, 004925.500, 157
Trd, 004926.760, 151
Trd, 004927.940, 134
Trd, 004928.300, 136
Trd, 004930.120, 128
Trd, 004934.450, 146
Trd, 004941.180, 136
Trd, 004952.320, 104.0
Trd, 004952.370, 152.0
Trd, 004952.420, 130.0
Trd, 004952.500, 126
Trd, 004952.530, 154.0
Trd, 004952.650, 125.0
Trd, 004952.750, 122
Trd, 004952.830, 132
Trd, 004952.890, 122.0
Trd, 004953.060, 135.0
Trd, 004953.070, 120
Trd, 004953.080, 160.0
Trd, 004953.250, 160.0
Trd, 004953.310, 150
Trd, 004953.350, 167.0
Trd, 004953.440, 148.0
Trd, 004953.510, 168.0
Trd, 004954.500, 158
Trd, 004954.890, 143
Trd, 004955.000, 160
Trd, 004955.450, 160
Trd, 004956.050, 161
Trd, 004957.630, 140
Trd, 004963.630, 139.0
Trd, 004968.280, 142
Trd, 004968.780, 139
Trd, 004969.450, 135
Trd, 004981.990, 119.0
Trd, 004982.330, 141
Trd, 004982.400, 172.0
Trd, 004982.520, 167
Trd, 004982.530, 148.0
Trd, 004982.740, 144
Trd, 004982.750, 153.0
Trd, 004983.010, 153
Trd, 004983.080, 150.0
Trd, 004983.110, 134
Trd, 004983.180, 151
Trd, 004983.240, 155
Trd, 004983.380, 137
Trd, 004983.480, 132
Trd, 004983.530, 128
Trd, 004983.580, 153
Trd, 004983.700, 136
Trd, 004984.030, 161.0
Trd, 004984.460, 127
Trd, 004984.550, 130
Trd, 004984.760, 136.0
Trd, 004984.870, 139.0
Trd, 004984.910, 126
Trd, 004985.130, 150.0
Trd, 004985.630, 123.0
Trd, 004986.340, 159
Trd, 004987.640, 139.0
Trd, 004989.590, 130
Trd, 004989.720, 119.0
Trd, 004990.030, 115
