Trd, 000030.220, 150.0
Trd, 000030.320, 141.0
Trd, 000030.540, 123
Trd, 000030.560, 120.0
Trd, 000031.120, 104.0
Trd, 000031.600, 99.0
Trd, 000031.760, 100.0
Trd, 000032.760, 94
Trd, 000033.700, 108.0
Trd, 000033.760, 94
Trd, 000036.340, 107
Trd, 000041.320, 107
Trd, 000054.520, 92
Trd, 000060.200, 98
Trd, 000060.400, 100.0
Trd, 000060.500, 76
Trd, 000060.800, 106
Trd, 000060.840, 107
Trd, 000061.380, 98
Trd, 000062.540, 99
Trd, 000063.920, 108.0
Trd, 000065.380, 109
Trd, 000066.580, 116.0
Trd, 000067.160, 97
Trd, 000076.440, 120
Trd, 000078.120, 105.0
Trd, 000078.940, 104.0
Trd, 000090.200, 86
Trd, 000090.340, 108
Trd, 000090.680, 94
Trd, 000090.760, 100.0
Trd, 000091.320, 106
Trd, 000091.360, 114.0
Trd, 000092.020, 109
Trd, 000093.040, 113.0
Trd, 000096.300, 116.0
Trd, 000098.100, 117
Trd, 000100.760, 120
Trd, 000105.960, 125.0
Trd, 000110.640, 111
Trd, 000120.280, 75.0
Trd, 000120.340, 83
Trd, 000120.460, 116.0
Trd, 000120.780, 100.0
Trd, 000122.040, 105
Trd, 000122.200, 104.0
Trd, 000122.240, 105
Trd, 000122.500, 105
Trd, 000123.520, 108.0
Trd, 000124.240, 104
Trd, 000128.100, 113
Trd, 000130.440, 107
Trd, 000150.600, 66.0
Trd, 000150.640, 86
Trd, 000150.760, 91
Trd, 000150.940, 92
Trd, 000151.140, 100.0
Trd, 000151.440, 105
Trd, 000152.200, 116.0
Trd, 000152.500, 103
Trd, 000155.220, 104.0
Trd, 000159.140, 110
Trd, 000160.720, 114
Trd, 000161.160, 100
Trd, 000176.140, 90
Trd, 000179.920, 99
Trd, 000180.440, 118.0
Trd, 000180.520, 116.0
Trd, 000180.800, 133.0
Trd, 000180.840, 104.0
Trd, 000181.240, 111
Trd, 000181.320, 119
Trd, 000181.880, 107
Trd, 000182.120, 110
Trd, 000184.660, 106
Trd, 000185.760, 108
Trd, 000186.800, 93
Trd, 000188.280, 119
Trd, 000193.080, 95
Trd, 000198.020, 97
Trd, 000210.240, 102
Trd, 000210.580, 99.0
Trd, 000210.660, 100.0
Trd, 000210.680, 104
Trd, 000210.980, 104
Trd, 000211.160, 109
Trd, 000212.280, 94
Trd, 000215.080, 105
Trd, 000215.540, 108.0
Trd, 000218.960, 110
Trd, 000224.960, 116.0
Trd, 000239.660, 91
Trd, 000240.280, 100.0
Trd, 000240.300, 79
Trd, 000240.760, 102
Trd, 000241.260, 104
Trd, 000241.980, 103
Trd, 000242.580, 103
Trd, 000242.660, 105
Trd, 000242.720, 102
Trd, 000244.180, 108.0
Trd, 000245.720, 101
Trd, 000247.140, 116.0
Trd, 000252.100, 97
Trd, 000254.140, 86
Trd, 000270.480, 86
Trd, 000270.720, 103
Trd, 000270.760, 104
Trd, 000271.040, 100.0
Trd, 000271.180, 116.0
Trd, 000271.700, 99
Trd, 000273.720, 118.0
Trd, 000274.740, 117.0
Trd, 000277.720, 116.0
Trd, 000284.020, 111
Trd, 000287.980, 117
Trd, 000295.440, 104.0
Trd, 000300.500, 150.0
Trd, 000300.780, 141.0
Trd, 000301.120, 137.0
Trd, 000301.780, 133.0
Trd, 000302.220, 116.0
Trd, 000302.760, 110
Trd, 000303.100, 109
Trd, 000303.360, 129
Trd, 000304.140, 104.0
Trd, 000307.580, 103.0
Trd, 000310.680, 103
Trd, 000311.780, 98
Trd, 000325.780, 90
Trd, 000330.640, 121
Trd, 000330.660, 116.0
Trd, 000330.920, 108
Trd, 000331.460, 105
Trd, 000332.260, 105
Trd, 000333.880, 106
Trd, 000334.020, 107
Trd, 000335.240, 106
Trd, 000335.520, 108
Trd, 000341.200, 104.0
Trd, 000345.600, 90
Trd, 000347.400, 116.0
Trd, 000348.260, 86
Trd, 000360.460, 100.0
Trd, 000360.960, 133
Trd, 000361.060, 126
Trd, 000361.680, 116.0
Trd, 000362.540, 122
Trd, 000363.020, 120
Trd, 000363.620, 120.0
Trd, 000366.060, 114
Trd, 000367.380, 114
Trd, 000372.520, 111
Trd, 000377.420, 104.0
Trd, 000380.380, 101
Trd, 000390.540, 133.0
Trd, 000390.580, 117
Trd, 000391.140, 115
Trd, 000391.380, 117
Trd, 000392.840, 116.0
Trd, 000393.560, 118
Trd, 000394.220, 118
Trd, 000394.840, 117
Trd, 000403.440, 110
Trd, 000404.380, 115
Trd, 000405.540, 104.0
Trd, 000420.540, 100.0
Trd, 000420.960, 105
Trd, 000421.300, 118
Trd, 000421.440, 106
Trd, 000422.000, 105
Trd, 000422.060, 107
Trd, 000422.120, 108
Trd, 000423.020, 107
Trd, 000424.700, 108
Trd, 000424.820, 104
Trd, 000424.860, 108.0
Trd, 000429.380, 104.0
Trd, 000450.780, 75.0
Trd, 000450.940, 56
Trd, 000451.020, 100.0
Trd, 000451.380, 116.0
Trd, 000451.640, 99
Trd, 000451.960, 106
Trd, 000452.740, 106.0
Trd, 000453.420, 107.0
Trd, 000453.760, 105
Trd, 000454.060, 108.0
Trd, 000458.460, 105
Trd, 000462.560, 104.0
Trd, 000463.340, 85
Trd, 000480.680, 105
Trd, 000481.340, 89
Trd, 000481.820, 92
Trd, 000481.960, 87
Trd, 000482.540, 87
Trd, 000482.840, 100.0
Trd, 000484.320, 107
Trd, 000488.880, 108.0
Trd, 000493.480, 104.0
Trd, 000500.020, 104
Trd, 000501.280, 116.0
Trd, 000510.660, 150.0
Trd, 000510.800, 86
Trd, 000510.880, 121
Trd, 000511.220, 87
Trd, 000511.800, 103
Trd, 000512.400, 116.0
Trd, 000513.020, 113
Trd, 000514.860, 123
Trd, 000515.740, 118
Trd, 000517.180, 115
Trd, 000520.660, 111
Trd, 000527.660, 108.0
Trd, 000535.380, 104.0
Trd, 000540.900, 133.0
Trd, 000541.040, 116.0
Trd, 000541.080, 108
Trd, 000541.620, 94
Trd, 000541.740, 110
Trd, 000541.980, 92
Trd, 000545.060, 106
Trd, 000547.180, 102
Trd, 000548.640, 105
Trd, 000548.960, 103
Trd, 000553.280, 98
Trd, 000561.140, 90
Trd, 000564.660, 86
Trd, 000570.820, 99
Trd, 000570.920, 100.0
Trd, 000570.940, 98
Trd, 000571.300, 103
Trd, 000571.560, 102
Trd, 000572.780, 104
Trd, 000574.200, 94
Trd, 000574.560, 105
Trd, 000581.140, 108.0
Trd, 000583.720, 109
Trd, 000586.440, 116.0
Trd, 000595.140, 97
Trd, 000600.980, 98
Trd, 000601.280, 99.0
Trd, 000601.340, 100.0
Trd, 000601.740, 102
Trd, 000602.020, 102
Trd, 000602.980, 104
Trd, 000603.340, 104.0
Trd, 000604.280, 102
Trd, 000605.220, 108.0
Trd, 000608.120, 111
Trd, 000613.200, 110
Trd, 000631.480, 136.0
Trd, 000631.600, 140
Trd, 000631.660, 135.0
Trd, 000631.720, 133.0
Trd, 000632.200, 116.0
Trd, 000632.340, 109
Trd, 000634.100, 115
Trd, 000635.720, 115
Trd, 000635.980, 111
Trd, 000640.140, 110
Trd, 000640.380, 104.0
Trd, 000641.600, 97
Trd, 000650.040, 102
Trd, 000660.900, 102
Trd, 000661.340, 116.0
Trd, 000661.700, 95
Trd, 000661.760, 90
Trd, 000662.740, 110
Trd, 000662.800, 119
Trd, 000662.880, 107
Trd, 000665.740, 110
Trd, 000667.020, 109
Trd, 000667.720, 104.0
Trd, 000667.800, 88
Trd, 000673.480, 109
Trd, 000684.620, 86
Trd, 000691.080, 127
Trd, 000691.100, 116.0
Trd, 000691.140, 85
Trd, 000691.340, 80
Trd, 000691.840, 103
Trd, 000692.040, 102
Trd, 000693.180, 100
Trd, 000694.780, 100
Trd, 000698.020, 105
Trd, 000699.140, 105
Trd, 000701.740, 104.0
Trd, 000702.900, 90
Trd, 000708.140, 94
Trd, 000709.080, 83
Trd, 000713.880, 108.0
Trd, 000720.900, 100.0
Trd, 000721.200, 107
Trd, 000721.420, 98
Trd, 000721.540, 107
Trd, 000721.780, 98
Trd, 000721.960, 98
Trd, 000722.260, 107
Trd, 000723.940, 119
Trd, 000730.900, 114
Trd, 000733.120, 110
Trd, 000740.500, 90
Trd, 000744.460, 120
Trd, 000748.320, 92
Trd, 000751.000, 100.0
Trd, 000751.220, 93
Trd, 000751.280, 100
Trd, 000751.480, 90
Trd, 000751.500, 100
Trd, 000753.320, 106.0
Trd, 000753.880, 105
Trd, 000755.700, 100
Trd, 000758.940, 108.0
Trd, 000759.380, 108
Trd, 000761.440, 116.0
Trd, 000768.800, 120
Trd, 000769.920, 88
Trd, 000780.960, 107
Trd, 000781.280, 100.0
Trd, 000781.400, 106
Trd, 000781.660, 107
Trd, 000781.960, 98
Trd, 000782.120, 108.0
Trd, 000782.160, 103
Trd, 000783.380, 105
Trd, 000784.100, 105
Trd, 000787.640, 105
Trd, 000788.040, 96
Trd, 000788.760, 110.0
Trd, 000800.360, 97
Trd, 000811.380, 88
Trd, 000811.620, 100.0
Trd, 000812.020, 93
Trd, 000812.060, 103
Trd, 000813.160, 103
Trd, 000813.320, 104
Trd, 000813.940, 108.0
Trd, 000814.280, 102
Trd, 000814.560, 116.0
Trd, 000816.740, 107
Trd, 000823.120, 107
Trd, 000825.760, 104.0
Trd, 000832.420, 90
Trd, 000841.420, 100.0
Trd, 000841.500, 111
Trd, 000841.540, 88
Trd, 000842.820, 102
Trd, 000842.880, 102
Trd, 000843.360, 101
Trd, 000843.540, 102
Trd, 000844.240, 101
Trd, 000844.640, 100
Trd, 000845.660, 102
Trd, 000848.060, 108.0
Trd, 000852.600, 89
Trd, 000871.600, 100.0
Trd, 000871.680, 90
Trd, 000871.700, 102
Trd, 000872.100, 100
Trd, 000872.260, 100
Trd, 000872.900, 106
Trd, 000873.100, 105
Trd, 000873.740, 105
Trd, 000875.460, 108.0
Trd, 000889.380, 104
Trd, 000895.960, 116.0
Trd, 000901.120, 75.0
Trd, 000901.180, 66.0
Trd, 000901.280, 100.0
Trd, 000904.420, 123
Trd, 000904.640, 123
Trd, 000905.080, 120.0
Trd, 000905.680, 121.0
Trd, 000912.440, 116.0
Trd, 000914.120, 117
Trd, 000914.280, 104.0
Trd, 000926.320, 120
Trd, 000928.580, 92
Trd, 000931.080, 92
Trd, 000931.340, 150.0
Trd, 000931.600, 105
Trd, 000931.680, 104
Trd, 000932.080, 118
Trd, 000932.240, 117.0
Trd, 000932.780, 117
Trd, 000934.120, 116.0
Trd, 000934.160, 104.0
Trd, 000934.800, 98
Trd, 000936.040, 109
Trd, 000938.200, 108.0
Trd, 000938.760, 108
Trd, 000956.900, 90
Trd, 000961.420, 90
Trd, 000961.480, 98
Trd, 000961.500, 100.0
Trd, 000962.040, 99
Trd, 000962.400, 116.0
Trd, 000963.220, 96
Trd, 000964.220, 105
Trd, 000965.000, 107.0
Trd, 000965.620, 108.0
Trd, 000970.740, 112
Trd, 000973.940, 104.0
Trd, 000985.400, 89
Trd, 000988.960, 88
Trd, 000991.580, 118
Trd, 000991.720, 116.0
Trd, 000991.840, 116
Trd, 000992.360, 110
Trd, 000993.760, 108
Trd, 000993.780, 109
Trd, 000994.300, 107
Trd, 000995.060, 108
Trd, 000997.560, 107
Trd, 001000.700, 110
Trd, 001005.260, 104.0
Trd, 001013.120, 87
Trd, 001021.860, 103
Trd, 001022.080, 116
Trd, 001022.180, 105
Trd, 001022.380, 104
Trd, 001022.400, 103
Trd, 001022.500, 115
Trd, 001022.840, 97
Trd, 001023.160, 117
Trd, 001023.980, 115
Trd, 001025.040, 120
Trd, 001029.940, 93
Trd, 001035.320, 90
Trd, 001035.580, 125.0
Trd, 001051.320, 75.0
Trd, 001051.920, 117.0
Trd, 001052.140, 117.0
Trd, 001052.220, 116.0
Trd, 001052.300, 113
Trd, 001052.500, 97
Trd, 001053.020, 93
Trd, 001053.780, 91
Trd, 001056.520, 112.0
Trd, 001056.880, 112.0
Trd, 001057.780, 114
Trd, 001064.080, 99
Trd, 001077.820, 90
Trd, 001081.400, 100.0
Trd, 001082.540, 129
Trd, 001082.680, 144.0
Trd, 001083.260, 142
Trd, 001083.740, 128
Trd, 001083.760, 120.0
Trd, 001086.880, 116.0
Trd, 001089.040, 115
Trd, 001092.400, 113
Trd, 001100.980, 111
Trd, 001106.260, 104.0
Trd, 001108.800, 90
Trd, 001111.540, 116.0
Trd, 001111.840, 150.0
Trd, 001112.160, 141.0
Trd, 001112.260, 133.0
Trd, 001112.540, 117
Trd, 001113.020, 107
Trd, 001113.720, 106
Trd, 001115.380, 117
Trd, 001115.400, 108
Trd, 001116.680, 104.0
Trd, 001120.460, 108.0
Trd, 001138.120, 90
Trd, 001141.700, 77
Trd, 001141.920, 103
Trd, 001142.380, 104
Trd, 001142.540, 100
Trd, 001142.820, 105
Trd, 001143.000, 103
Trd, 001144.520, 108.0
Trd, 001144.720, 116.0
Trd, 001145.640, 102
Trd, 001146.220, 101
Trd, 001149.880, 120
Trd, 001156.520, 95
Trd, 001171.480, 75.0
Trd, 001171.540, 116.0
Trd, 001173.100, 123
Trd, 001173.420, 107
Trd, 001173.660, 121
Trd, 001174.680, 101
Trd, 001176.280, 104
Trd, 001177.000, 107.0
Trd, 001177.260, 106
Trd, 001179.240, 108.0
Trd, 001184.780, 110.0
Trd, 001194.880, 104.0
Trd, 001202.080, 100.0
Trd, 001202.380, 101
Trd, 001202.840, 104
Trd, 001202.860, 104
Trd, 001203.620, 107
Trd, 001203.640, 108.0
Trd, 001205.120, 119.0
Trd, 001205.600, 120
Trd, 001207.960, 116.0
Trd, 001209.240, 111
Trd, 001213.140, 104.0
Trd, 001231.920, 150.0
Trd, 001232.080, 137.0
Trd, 001232.120, 131
Trd, 001232.620, 133.0
Trd, 001232.940, 116.0
Trd, 001233.380, 105.0
Trd, 001234.260, 104.0
Trd, 001235.180, 117
Trd, 001236.360, 107
Trd, 001238.860, 110
Trd, 001239.560, 111
Trd, 001243.780, 92
Trd, 001253.900, 91
Trd, 001261.620, 133.0
Trd, 001261.940, 115
Trd, 001262.320, 102
Trd, 001263.300, 111
Trd, 001263.980, 112
Trd, 001264.440, 106.0
Trd, 001265.600, 109.0
Trd, 001265.900, 108.0
Trd, 001266.400, 110
Trd, 001267.080, 104.0
Trd, 001275.620, 98
Trd, 001284.240, 116.0
Trd, 001290.140, 97
Trd, 001291.760, 89
Trd, 001292.200, 66.0
Trd, 001292.420, 97
Trd, 001292.700, 108
Trd, 001292.780, 116.0
Trd, 001293.680, 115
Trd, 001293.920, 102
Trd, 001294.140, 102
Trd, 001294.200, 116.0
Trd, 001296.060, 101
Trd, 001298.900, 104
Trd, 001301.180, 105
Trd, 001314.300, 94
Trd, 001321.700, 75.0
Trd, 001322.320, 116
Trd, 001322.700, 116
Trd, 001323.040, 125
Trd, 001323.380, 106.0
Trd, 001323.560, 106.0
Trd, 001326.600, 109
Trd, 001327.500, 109
Trd, 001328.600, 110
Trd, 001330.280, 108
Trd, 001338.180, 104.0
Trd, 001340.540, 97
Trd, 001351.800, 107
Trd, 001352.400, 98
Trd, 001352.420, 107
Trd, 001352.740, 118
Trd, 001352.780, 98
Trd, 001353.200, 96
Trd, 001353.580, 111
Trd, 001354.380, 110
Trd, 001354.620, 109
Trd, 001358.700, 101
Trd, 001363.680, 105
Trd, 001381.740, 142
Trd, 001382.280, 100.0
Trd, 001382.540, 75.0
Trd, 001382.740, 108.0
Trd, 001383.380, 89
Trd, 001383.620, 87
Trd, 001383.720, 115.0
Trd, 001384.800, 98
Trd, 001387.500, 116.0
Trd, 001396.500, 112
Trd, 001401.040, 116
Trd, 001412.240, 75.0
Trd, 001412.560, 84
Trd, 001412.800, 85
Trd, 001413.040, 89
Trd, 001413.400, 97
Trd, 001413.800, 100.0
Trd, 001414.360, 96
Trd, 001415.260, 107
Trd, 001417.320, 108.0
Trd, 001418.120, 98
Trd, 001420.600, 104
Trd, 001423.840, 105
Trd, 001441.900, 98
Trd, 001442.000, 103
Trd, 001442.380, 101
Trd, 001442.700, 100
Trd, 001442.920, 114.0
Trd, 001443.000, 99
Trd, 001443.760, 116.0
Trd, 001443.880, 120
Trd, 001446.060, 110
Trd, 001447.980, 112
Trd, 001448.880, 111
Trd, 001452.680, 89
Trd, 001471.940, 75.0
Trd, 001472.460, 100.0
Trd, 001473.480, 120.0
Trd, 001475.660, 124.0
Trd, 001476.320, 123.0
Trd, 001476.600, 123.0
Trd, 001477.800, 123
Trd, 001478.400, 116.0
Trd, 001482.260, 111
Trd, 001484.580, 104.0
Trd, 001489.000, 105
Trd, 001501.380, 90
Trd, 001501.900, 75.0
Trd, 001502.140, 145.0
Trd, 001502.700, 106
Trd, 001502.860, 106
Trd, 001503.060, 105
Trd, 001504.160, 106
Trd, 001504.340, 116.0
Trd, 001506.960, 118
Trd, 001509.580, 109
Trd, 001512.040, 113
Trd, 001513.360, 113
Trd, 001532.180, 120
Trd, 001532.600, 100.0
Trd, 001532.660, 102
Trd, 001532.780, 107
Trd, 001533.180, 105
Trd, 001533.900, 97
Trd, 001536.440, 101
Trd, 001537.380, 105
Trd, 001538.060, 108.0
Trd, 001542.420, 112
Trd, 001545.400, 112
Trd, 001550.660, 105
Trd, 001557.140, 89
Trd, 001562.180, 133.0
Trd, 001562.240, 66.0
Trd, 001562.320, 75.0
Trd, 001562.380, 100.0
Trd, 001564.200, 104
Trd, 001564.520, 103
Trd, 001565.280, 112
Trd, 001565.420, 114
Trd, 001566.220, 105
Trd, 001572.280, 116.0
Trd, 001573.680, 111
Trd, 001579.640, 86
Trd, 001588.020, 120
Trd, 001590.080, 86
Trd, 001592.060, 66.0
Trd, 001592.780, 116
Trd, 001592.900, 100.0
Trd, 001592.920, 82
Trd, 001594.300, 116.0
Trd, 001594.600, 115
Trd, 001595.500, 116.0
Trd, 001597.720, 120
Trd, 001598.260, 120
Trd, 001600.260, 120
Trd, 001600.940, 111
Trd, 001603.040, 104.0
Trd, 001606.180, 80
Trd, 001609.780, 100
Trd, 001622.240, 105
Trd, 001622.460, 101
Trd, 001623.360, 82
Trd, 001623.460, 83
Trd, 001623.740, 85
Trd, 001623.940, 104
Trd, 001624.200, 108.0
Trd, 001624.740, 100.0
Trd, 001625.060, 110
Trd, 001625.340, 92
Trd, 001633.180, 116.0
Trd, 001634.500, 118
Trd, 001634.880, 116
Trd, 001641.500, 95
Trd, 001652.200, 66.0
Trd, 001652.560, 106.0
Trd, 001653.640, 100
Trd, 001653.760, 100.0
Trd, 001654.660, 102
Trd, 001655.320, 104
Trd, 001655.580, 102
Trd, 001656.400, 101
Trd, 001656.740, 101
Trd, 001657.120, 108.0
Trd, 001657.780, 101
Trd, 001677.840, 88
Trd, 001682.440, 99.0
Trd, 001682.700, 93
Trd, 001683.200, 90
Trd, 001683.640, 97
Trd, 001683.980, 91
Trd, 001684.380, 100.0
Trd, 001684.680, 97
Trd, 001684.700, 107
Trd, 001685.260, 91
Trd, 001689.560, 101
Trd, 001693.800, 108.0
Trd, 001696.940, 110
Trd, 001712.300, 75.0
Trd, 001712.900, 141
Trd, 001713.000, 97
Trd, 001715.080, 122
Trd, 001716.280, 115
Trd, 001716.960, 114
Trd, 001717.000, 113
Trd, 001717.480, 111
Trd, 001717.540, 95
Trd, 001719.920, 115
Trd, 001721.020, 110
Trd, 001723.820, 93
Trd, 001742.380, 133.0
Trd, 001742.520, 148.0
Trd, 001742.880, 117.0
Trd, 001743.880, 120
Trd, 001743.940, 119
Trd, 001744.340, 117.0
Trd, 001745.020, 116.0
Trd, 001746.260, 118
Trd, 001748.980, 111
Trd, 001755.460, 104.0
Trd, 001755.520, 108.0
Trd, 001772.520, 133.0
Trd, 001772.840, 94
Trd, 001773.580, 107
Trd, 001773.820, 109
Trd, 001773.940, 106
Trd, 001774.340, 113.0
Trd, 001774.760, 113.0
Trd, 001775.140, 98
Trd, 001775.600, 116.0
Trd, 001777.900, 100.0
Trd, 001779.160, 99
Trd, 001796.120, 93
Trd, 001802.380, 100.0
Trd, 001802.560, 93
Trd, 001802.880, 97
Trd, 001803.200, 108
Trd, 001803.520, 108.0
Trd, 001803.820, 93
Trd, 001804.080, 116.0
Trd, 001804.900, 99
Trd, 001805.080, 117
Trd, 001811.320, 110
Trd, 001811.400, 104.0
Trd, 001821.900, 95
Trd, 001832.380, 150.0
Trd, 001832.920, 120
Trd, 001832.960, 117.0
Trd, 001833.340, 121
Trd, 001833.900, 117.0
Trd, 001834.040, 120
Trd, 001834.800, 119.0
Trd, 001835.020, 116.0
Trd, 001842.180, 117
Trd, 001843.440, 110
Trd, 001851.000, 104.0
Trd, 001860.000, 92
Trd, 001862.980, 65.0
Trd, 001863.000, 66.0
Trd, 001863.220, 75.0
Trd, 001863.380, 100.0
Trd, 001863.580, 108.0
Trd, 001864.180, 116.0
Trd, 001865.020, 119.0
Trd, 001865.380, 118.0
Trd, 001865.780, 119
Trd, 001874.080, 123
Trd, 001877.200, 116.0
Trd, 001892.980, 117.0
Trd, 001893.220, 117.0
Trd, 001893.600, 122
Trd, 001893.760, 123
Trd, 001893.960, 122
Trd, 001894.160, 116.0
Trd, 001895.260, 123
Trd, 001898.320, 111
Trd, 001898.900, 104.0
Trd, 001901.060, 113
Trd, 001902.860, 109
Trd, 001909.460, 103
Trd, 001922.480, 76
Trd, 001922.660, 133.0
Trd, 001922.740, 104.0
Trd, 001922.920, 103
Trd, 001922.980, 101
Trd, 001923.400, 121
Trd, 001923.560, 122
Trd, 001924.100, 116.0
Trd, 001926.520, 112
Trd, 001927.280, 111
Trd, 001931.340, 103
Trd, 001935.100, 84
Trd, 001940.220, 108.0
Trd, 001947.900, 125.0
Trd, 001952.720, 100.0
Trd, 001952.820, 116.0
Trd, 001953.040, 111
Trd, 001953.220, 75
Trd, 001953.500, 101
Trd, 001955.580, 95
Trd, 001955.780, 94
Trd, 001956.100, 93
Trd, 001958.000, 95
Trd, 001958.520, 108.0
Trd, 001959.660, 94
Trd, 001960.480, 116.0
Trd, 001982.560, 66.0
Trd, 001982.880, 135.0
Trd, 001983.340, 134.0
Trd, 001983.900, 139
Trd, 001984.900, 133.0
Trd, 001988.080, 124
Trd, 001988.600, 120.0
Trd, 001988.880, 119
Trd, 001989.480, 116.0
Trd, 001989.760, 114
Trd, 001994.580, 111
Trd, 002012.680, 150.0
Trd, 002012.840, 111
Trd, 002013.420, 121
Trd, 002013.460, 111
Trd, 002013.580, 110
Trd, 002014.540, 116.0
Trd, 002015.500, 114
Trd, 002015.580, 105.0
Trd, 002015.820, 114
Trd, 002022.120, 111
Trd, 002024.780, 104.0
Trd, 002028.320, 99
Trd, 002042.780, 110
Trd, 002043.220, 110
Trd, 002043.480, 107
Trd, 002043.520, 106
Trd, 002043.660, 105
Trd, 002044.780, 108
Trd, 002045.020, 105.0
Trd, 002045.240, 104.0
Trd, 002046.800, 91
Trd, 002048.580, 101
Trd, 002059.100, 105
Trd, 002064.740, 106
Trd, 002072.720, 92
Trd, 002073.160, 133.0
Trd, 002073.520, 115
Trd, 002073.660, 104.0
Trd, 002074.320, 110
Trd, 002075.220, 109
Trd, 002075.420, 109
Trd, 002078.480, 116
Trd, 002079.740, 116.0
Trd, 002080.300, 115
Trd, 002085.600, 111
Trd, 002088.440, 90
Trd, 002102.700, 150.0
Trd, 002103.000, 133.0
Trd, 002103.400, 100.0
Trd, 002103.540, 100
Trd, 002105.000, 106
Trd, 002106.640, 106
Trd, 002106.840, 105
Trd, 002108.580, 108.0
Trd, 002111.180, 104.0
Trd, 002115.020, 116.0
Trd, 002124.800, 104
Trd, 002132.920, 66.0
Trd, 002132.960, 126
Trd, 002134.020, 140
Trd, 002134.160, 139
Trd, 002135.520, 137.0
Trd, 002137.720, 120.0
Trd, 002137.760, 116.0
Trd, 002138.700, 115
Trd, 002142.980, 112
Trd, 002143.500, 111
Trd, 002147.600, 104.0
Trd, 002162.840, 112
Trd, 002162.900, 145.0
Trd, 002163.140, 110
Trd, 002163.420, 109
Trd, 002164.100, 86
Trd, 002165.000, 126
Trd, 002166.000, 124
Trd, 002166.900, 106
Trd, 002167.780, 108.0
Trd, 002172.060, 106
Trd, 002173.160, 107
Trd, 002174.320, 108.0
Trd, 002183.740, 104.0
Trd, 002192.820, 85
Trd, 002192.960, 104
Trd, 002193.280, 100.0
Trd, 002194.340, 105
Trd, 002194.620, 116
Trd, 002194.680, 116.0
Trd, 002196.600, 110
Trd, 002196.620, 109
Trd, 002198.120, 110
Trd, 002201.620, 106
Trd, 002207.660, 104.0
Trd, 002214.680, 86
Trd, 002218.840, 85
Trd, 002221.440, 83
Trd, 002222.920, 133.0
Trd, 002223.060, 84
Trd, 002223.500, 97
Trd, 002223.680, 116.0
Trd, 002224.600, 100.0
Trd, 002225.320, 107
Trd, 002226.660, 107
Trd, 002227.880, 108
Trd, 002228.220, 108
Trd, 002229.920, 111
Trd, 002230.260, 108
Trd, 002241.940, 104.0
Trd, 002250.820, 83
Trd, 002253.240, 107
Trd, 002253.360, 108
Trd, 002253.560, 100.0
Trd, 002254.160, 104
Trd, 002254.260, 103
Trd, 002254.520, 99
Trd, 002256.120, 108.0
Trd, 002257.380, 116.0
Trd, 002260.240, 118
Trd, 002260.340, 115
Trd, 002265.180, 92
Trd, 002274.220, 100
Trd, 002283.100, 87
Trd, 002283.680, 108
Trd, 002284.100, 109
Trd, 002284.320, 107
Trd, 002284.500, 114
Trd, 002285.340, 110
Trd, 002286.320, 108
Trd, 002286.960, 111
Trd, 002289.640, 112.0
Trd, 002290.400, 112
Trd, 002292.940, 109
Trd, 002299.100, 104
Trd, 002304.840, 104.0
Trd, 002313.200, 150.0
Trd, 002313.220, 137.0
Trd, 002313.280, 107
Trd, 002313.740, 116.0
Trd, 002313.920, 122
Trd, 002315.120, 112
Trd, 002315.140, 113
Trd, 002316.520, 110.0
Trd, 002319.720, 113
Trd, 002320.740, 107
Trd, 002335.320, 104.0
Trd, 002340.400, 91
Trd, 002343.160, 109
Trd, 002343.460, 125.0
Trd, 002344.000, 105
Trd, 002344.020, 104.0
Trd, 002344.060, 90
Trd, 002344.360, 113
Trd, 002344.600, 113
Trd, 002344.920, 109
Trd, 002346.760, 111
Trd, 002349.040, 116.0
Trd, 002349.380, 115
Trd, 002350.320, 113
Trd, 002373.340, 133.0
Trd, 002373.480, 142
Trd, 002373.540, 124
Trd, 002374.000, 116.0
Trd, 002374.540, 112
Trd, 002375.260, 112
Trd, 002375.820, 113
Trd, 002376.600, 111
Trd, 002377.200, 112.0
Trd, 002381.980, 104.0
Trd, 002385.900, 108.0
Trd, 002387.380, 90
Trd, 002389.800, 108
Trd, 002397.520, 86
Trd, 002403.240, 66.0
Trd, 002403.340, 82
Trd, 002403.820, 145.0
Trd, 002404.180, 117
Trd, 002404.440, 116.0
Trd, 002404.900, 123
Trd, 002405.020, 106
Trd, 002405.460, 107
Trd, 002408.320, 113
Trd, 002408.700, 114
Trd, 002415.780, 104.0
Trd, 002415.980, 106
Trd, 002426.120, 86
Trd, 002433.380, 116.0
Trd, 002433.600, 106
Trd, 002433.740, 109
Trd, 002434.320, 112
Trd, 002434.900, 117
Trd, 002435.340, 108
Trd, 002436.360, 109.0
Trd, 002437.280, 108.0
Trd, 002438.080, 107.0
Trd, 002441.400, 104.0
Trd, 002444.480, 110
Trd, 002447.080, 102
Trd, 002463.200, 66.0
Trd, 002463.900, 100.0
Trd, 002464.220, 133.0
Trd, 002464.240, 88
Trd, 002465.980, 112
Trd, 002466.300, 112
Trd, 002469.020, 110
Trd, 002469.880, 110
Trd, 002471.380, 109
Trd, 002474.720, 108
Trd, 002474.880, 116.0
Trd, 002475.140, 104.0
Trd, 002493.400, 116.0
Trd, 002493.420, 111
Trd, 002494.080, 109
Trd, 002494.220, 83
Trd, 002494.800, 113.0
Trd, 002496.780, 106
Trd, 002498.080, 100.0
Trd, 002499.240, 105
Trd, 002501.180, 108.0
Trd, 002507.700, 104.0
Trd, 002516.820, 116.0
Trd, 002523.280, 75.0
Trd, 002523.300, 71
Trd, 002524.080, 100.0
Trd, 002524.360, 119
Trd, 002524.460, 133
Trd, 002525.420, 99
Trd, 002526.420, 109
Trd, 002526.520, 110
Trd, 002528.240, 107
Trd, 002528.940, 107
Trd, 002532.780, 106.0
Trd, 002533.760, 104.0
Trd, 002549.620, 104
Trd, 002553.560, 122
Trd, 002553.640, 117.0
Trd, 002553.700, 116.0
Trd, 002554.060, 116
Trd, 002554.380, 114
Trd, 002555.000, 115
Trd, 002555.280, 111
Trd, 002555.900, 104.0
Trd, 002557.280, 102
Trd, 002558.600, 104
Trd, 002562.540, 112
Trd, 002567.640, 108
Trd, 002583.620, 107
Trd, 002584.080, 89
Trd, 002584.140, 102
Trd, 002584.500, 100.0
Trd, 002585.180, 108
Trd, 002585.460, 91
Trd, 002588.600, 110
Trd, 002588.980, 111
Trd, 002590.040, 109
Trd, 002591.300, 111
Trd, 002599.060, 95
Trd, 002602.020, 108.0
Trd, 002602.620, 88
Trd, 002613.400, 88
Trd, 002613.420, 110
Trd, 002613.920, 119
Trd, 002613.940, 100
Trd, 002614.080, 111
Trd, 002615.600, 97
Trd, 002616.460, 100
Trd, 002617.440, 99
Trd, 002617.980, 100.0
Trd, 002620.520, 105
Trd, 002628.960, 108.0
Trd, 002629.280, 116.0
Trd, 002636.020, 86
Trd, 002643.680, 108
Trd, 002643.820, 100.0
Trd, 002643.900, 89
Trd, 002644.140, 103
Trd, 002644.320, 113.0
Trd, 002644.360, 101
Trd, 002644.420, 114.0
Trd, 002644.740, 112
Trd, 002645.080, 102
Trd, 002648.100, 104
Trd, 002648.660, 116.0
Trd, 002650.000, 90
Trd, 002659.460, 88
Trd, 002674.040, 133.0
Trd, 002674.120, 134
Trd, 002674.400, 116.0
Trd, 002674.700, 92
Trd, 002675.280, 111
Trd, 002675.840, 107
Trd, 002676.040, 109
Trd, 002676.680, 106
Trd, 002680.100, 107
Trd, 002683.100, 108
Trd, 002690.080, 104.0
Trd, 002703.780, 108
Trd, 002704.000, 105
Trd, 002704.520, 96
Trd, 002704.600, 100.0
Trd, 002704.900, 97
Trd, 002705.100, 102
Trd, 002705.280, 103
Trd, 002705.520, 104
Trd, 002709.080, 108.0
Trd, 002711.040, 116.0
Trd, 002712.300, 107
Trd, 002712.700, 103
Trd, 002713.960, 93
Trd, 002733.640, 150.0
Trd, 002733.960, 133.0
Trd, 002734.140, 122
Trd, 002734.200, 114
Trd, 002734.700, 120
Trd, 002735.480, 118
Trd, 002736.340, 117
Trd, 002736.700, 116.0
Trd, 002740.160, 115
Trd, 002745.620, 111
Trd, 002758.220, 104.0
Trd, 002763.920, 109
Trd, 002764.240, 112
Trd, 002764.380, 88
Trd, 002765.120, 91
Trd, 002765.320, 104
Trd, 002765.600, 105
Trd, 002766.420, 100.0
Trd, 002770.020, 97
Trd, 002772.020, 97
Trd, 002775.800, 100
Trd, 002782.880, 108.0
Trd, 002793.680, 106
Trd, 002794.060, 100.0
Trd, 002794.500, 99
Trd, 002794.760, 100
Trd, 002795.240, 115
Trd, 002795.320, 118
Trd, 002795.560, 107
Trd, 002797.300, 108.0
Trd, 002798.000, 109
Trd, 002799.980, 106
Trd, 002801.980, 104.0
Trd, 002823.720, 66.0
Trd, 002824.240, 99.0
Trd, 002824.600, 100.0
Trd, 002825.500, 101
Trd, 002825.680, 122.0
Trd, 002825.780, 116
Trd, 002825.880, 123.0
Trd, 002826.840, 120.0
Trd, 002833.440, 120.0
Trd, 002834.100, 116.0
Trd, 002837.840, 111
Trd, 002854.340, 117
Trd, 002854.380, 116.0
Trd, 002854.520, 112
Trd, 002855.020, 112
Trd, 002855.520, 115
Trd, 002855.720, 111
Trd, 002855.920, 114
Trd, 002858.260, 112
Trd, 002858.600, 113
Trd, 002861.120, 108.0
Trd, 002866.780, 104.0
Trd, 002884.100, 100.0
Trd, 002884.260, 108
Trd, 002884.580, 96
Trd, 002885.220, 104
Trd, 002885.940, 102
Trd, 002885.980, 99
Trd, 002886.640, 102
Trd, 002887.240, 100
Trd, 002887.980, 104
Trd, 002889.360, 116.0
Trd, 002890.220, 105
Trd, 002913.880, 78
Trd, 002913.920, 116.0
Trd, 002914.060, 109
Trd, 002914.560, 119
Trd, 002915.800, 109
Trd, 002916.280, 111
Trd, 002916.580, 109
Trd, 002918.200, 106
Trd, 002919.200, 112
Trd, 002919.960, 104.0
Trd, 002926.120, 110.0
Trd, 002931.840, 116.0
Trd, 002935.780, 86
Trd, 002941.140, 87
Trd, 002943.980, 102
Trd, 002944.260, 100.0
Trd, 002944.360, 119
Trd, 002944.700, 116.0
Trd, 002944.780, 94
Trd, 002944.800, 112
Trd, 002947.640, 109
Trd, 002947.780, 106
Trd, 002950.100, 110
Trd, 002950.580, 108
Trd, 002953.140, 107.0
Trd, 002974.040, 106
Trd, 002974.280, 86
Trd, 002974.380, 99.0
Trd, 002974.680, 100.0
Trd, 002974.800, 97
Trd, 002974.860, 108.0
Trd, 002976.320, 101
Trd, 002978.060, 107
Trd, 002978.400, 101
Trd, 002980.460, 116.0
Trd, 002980.480, 105
Trd, 002981.760, 106
Trd, 003000.260, 91
Trd, 003004.000, 150.0
Trd, 003004.300, 134.0
Trd, 003004.440, 133.0
Trd, 003005.740, 120.0
Trd, 003006.020, 120
Trd, 003006.920, 116.0
Trd, 003008.780, 111
Trd, 003009.300, 104.0
Trd, 003011.260, 112
Trd, 003018.260, 106
Trd, 003021.860, 106
Trd, 003029.560, 93
Trd, 003030.760, 100
Trd, 003034.180, 65.0
Trd, 003034.240, 66.0
Trd, 003034.680, 71
Trd, 003034.860, 100.0
Trd, 003034.920, 88
Trd, 003035.160, 102
Trd, 003036.520, 103
Trd, 003036.660, 102
Trd, 003038.600, 104
Trd, 003038.760, 108.0
Trd, 003045.720, 116.0
Trd, 003045.740, 120
Trd, 003046.360, 103
Trd, 003052.320, 86
Trd, 003064.040, 66.0
Trd, 003064.240, 104
Trd, 003064.440, 106
Trd, 003064.640, 104
Trd, 003065.680, 106
Trd, 003065.720, 116.0
Trd, 003065.800, 105
Trd, 003066.180, 120
Trd, 003067.020, 106
Trd, 003070.380, 111
Trd, 003074.060, 107
Trd, 003094.160, 94
Trd, 003094.640, 99
Trd, 003094.740, 100.0
Trd, 003094.820, 106
Trd, 003095.820, 99
Trd, 003096.280, 100
Trd, 003096.960, 100
Trd, 003098.140, 108.0
Trd, 003099.200, 116.0
Trd, 003107.640, 112
Trd, 003108.260, 104.0
Trd, 003115.040, 87
Trd, 003124.080, 95
Trd, 003124.140, 81
Trd, 003124.380, 82
Trd, 003124.680, 102
Trd, 003125.100, 103
Trd, 003125.280, 100.0
Trd, 003125.320, 104
Trd, 003126.660, 104
Trd, 003128.500, 106.0
Trd, 003129.120, 108.0
Trd, 003129.460, 106
Trd, 003138.180, 108
Trd, 003140.260, 107
Trd, 003150.140, 104.0
Trd, 003153.880, 93
Trd, 003154.280, 75.0
Trd, 003154.420, 60
Trd, 003155.000, 121.0
Trd, 003155.020, 116.0
Trd, 003155.640, 95
Trd, 003156.460, 95
Trd, 003156.700, 115
Trd, 003159.700, 110
Trd, 003163.880, 109
Trd, 003165.080, 107.0
Trd, 003171.020, 105
Trd, 003171.380, 104.0
Trd, 003184.320, 116.0
Trd, 003184.360, 104.0
Trd, 003184.820, 100.0
Trd, 003184.840, 105
Trd, 003185.380, 107
Trd, 003185.420, 86
Trd, 003185.860, 108.0
Trd, 003187.840, 106
Trd, 003188.260, 106
Trd, 003190.860, 102
Trd, 003205.160, 95
Trd, 003214.360, 120
Trd, 003214.560, 75.0
Trd, 003214.640, 97
Trd, 003214.980, 98
Trd, 003215.380, 98
Trd, 003216.080, 88
Trd, 003216.240, 99
Trd, 003217.480, 100.0
Trd, 003218.380, 104
Trd, 003223.300, 108.0
Trd, 003228.120, 109
Trd, 003232.820, 104.0
Trd, 003244.420, 133.0
Trd, 003244.700, 118.0
Trd, 003244.840, 117.0
Trd, 003245.080, 116.0
Trd, 003245.200, 112
Trd, 003245.360, 120
Trd, 003245.460, 110
Trd, 003247.580, 108
Trd, 003248.160, 115.0
Trd, 003249.020, 104.0
Trd, 003256.920, 108
Trd, 003259.260, 106
Trd, 003274.580, 75
Trd, 003274.640, 100.0
Trd, 003274.800, 75.0
Trd, 003274.960, 108.0
Trd, 003275.100, 116.0
Trd, 003276.320, 123.0
Trd, 003276.640, 122
Trd, 003277.080, 120.0
Trd, 003277.340, 125.0
Trd, 003280.480, 111
Trd, 003284.920, 104.0
Trd, 003287.160, 92
Trd, 003294.240, 129.0
Trd, 003304.640, 99.0
Trd, 003304.700, 100.0
Trd, 003304.740, 87
Trd, 003304.780, 87
Trd, 003305.000, 104
Trd, 003305.100, 120
Trd, 003306.080, 124
Trd, 003306.360, 120.0
Trd, 003306.660, 121
Trd, 003307.320, 111
Trd, 003309.880, 119
Trd, 003320.280, 116.0
Trd, 003330.640, 88
Trd, 003334.500, 116.0
Trd, 003334.760, 120
Trd, 003334.820, 133
Trd, 003334.920, 102
Trd, 003335.260, 114
Trd, 003336.040, 111
Trd, 003336.060, 110
Trd, 003336.380, 110
Trd, 003337.540, 109
Trd, 003339.580, 109
Trd, 003344.820, 104.0
Trd, 003349.780, 87
Trd, 003365.200, 96
Trd, 003365.220, 84
Trd, 003365.340, 99
Trd, 003365.360, 100
Trd, 003365.480, 82
Trd, 003365.680, 95
Trd, 003365.860, 100.0
Trd, 003366.020, 108.0
Trd, 003368.780, 104
Trd, 003375.240, 110
Trd, 003376.240, 108
Trd, 003394.500, 133.0
Trd, 003394.760, 75.0
Trd, 003395.380, 100.0
Trd, 003395.660, 100
Trd, 003395.980, 93
Trd, 003396.580, 97
Trd, 003396.680, 97
Trd, 003399.160, 104
Trd, 003400.900, 106
Trd, 003403.560, 108.0
Trd, 003412.920, 105
Trd, 003424.500, 67
Trd, 003424.580, 95
Trd, 003424.740, 96
Trd, 003425.120, 87
Trd, 003425.580, 93
Trd, 003425.760, 95
Trd, 003426.560, 100.0
Trd, 003426.800, 104
Trd, 003428.860, 105
Trd, 003431.440, 108.0
Trd, 003435.920, 116.0
Trd, 003436.600, 115
Trd, 003446.880, 89
Trd, 003454.520, 150
Trd, 003454.760, 89
Trd, 003455.240, 122
Trd, 003455.360, 115
Trd, 003455.400, 116
Trd, 003455.560, 120
Trd, 003455.700, 113
Trd, 003456.060, 103
Trd, 003456.420, 103
Trd, 003460.780, 106
Trd, 003461.880, 104.0
Trd, 003466.220, 101
Trd, 003484.340, 104
Trd, 003484.540, 87
Trd, 003485.000, 116.0
Trd, 003485.020, 139
Trd, 003485.120, 107
Trd, 003485.860, 99.0
Trd, 003486.000, 100.0
Trd, 003486.760, 100
Trd, 003488.600, 101
Trd, 003492.620, 108.0
Trd, 003497.400, 104.0
Trd, 003499.220, 116.0
Trd, 003500.760, 102
Trd, 003506.920, 92
Trd, 003514.780, 66.0
Trd, 003514.960, 86
Trd, 003515.400, 96
Trd, 003515.460, 100.0
Trd, 003515.860, 117.0
Trd, 003516.180, 117
Trd, 003516.840, 116.0
Trd, 003521.120, 109
Trd, 003522.660, 104.0
Trd, 003524.900, 91
Trd, 003526.840, 110
Trd, 003529.740, 116.0
Trd, 003544.640, 120
Trd, 003544.760, 116.0
Trd, 003544.940, 136
Trd, 003545.300, 122
Trd, 003546.000, 109
Trd, 003546.280, 124.0
Trd, 003547.500, 122
Trd, 003553.400, 112
Trd, 003554.720, 114.0
Trd, 003560.000, 110
Trd, 003563.620, 104.0
Trd, 003563.940, 101
Trd, 003574.680, 150.0
Trd, 003574.840, 126
Trd, 003574.880, 89
Trd, 003575.740, 104
Trd, 003577.200, 107
Trd, 003577.680, 116
Trd, 003579.460, 110
Trd, 003579.900, 113
Trd, 003580.420, 115
Trd, 003584.760, 106
Trd, 003596.940, 104.0
Trd, 003604.900, 128
Trd, 003605.340, 112
Trd, 003605.840, 115
Trd, 003606.020, 116
Trd, 003606.540, 115
Trd, 003606.740, 114
Trd, 003606.800, 110
Trd, 003606.900, 116
Trd, 003609.820, 107.0
Trd, 003611.020, 104.0
Trd, 003617.740, 89
Trd, 003634.780, 150.0
Trd, 003635.180, 134.0
Trd, 003635.420, 133.0
Trd, 003635.680, 120.0
Trd, 003636.580, 117.0
Trd, 003637.400, 116.0
Trd, 003638.540, 114
Trd, 003639.660, 111
Trd, 003643.520, 108
Trd, 003644.420, 104.0
Trd, 003648.360, 107
Trd, 003660.160, 102
Trd, 003662.500, 88
Trd, 003665.040, 102
Trd, 003665.120, 129
Trd, 003665.260, 117.0
Trd, 003665.600, 120
Trd, 003665.740, 118.0
Trd, 003665.840, 117.0
Trd, 003666.340, 119
Trd, 003666.660, 116.0
Trd, 003667.460, 107
Trd, 003667.580, 104.0
Trd, 003668.820, 115
Trd, 003677.360, 91
Trd, 003694.920, 109
Trd, 003695.160, 100.0
Trd, 003695.760, 94
Trd, 003695.780, 98
Trd, 003696.720, 96
Trd, 003697.100, 97
Trd, 003700.060, 106
Trd, 003700.320, 105
Trd, 003701.680, 108.0
Trd, 003702.680, 104.0
Trd, 003706.260, 104
Trd, 003715.200, 109
Trd, 003722.060, 90
Trd, 003724.980, 107
Trd, 003725.740, 98.0
Trd, 003725.980, 100.0
Trd, 003726.720, 90
Trd, 003726.960, 97
Trd, 003727.180, 108.0
Trd, 003728.760, 95
Trd, 003730.040, 95
Trd, 003731.240, 107
Trd, 003731.260, 116.0
Trd, 003732.700, 99
Trd, 003735.560, 102
Trd, 003748.780, 89
Trd, 003750.540, 86
Trd, 003755.280, 116.0
Trd, 003755.780, 106
Trd, 003755.840, 105
Trd, 003756.120, 104
Trd, 003756.220, 104.0
Trd, 003756.440, 106
Trd, 003756.600, 108
Trd, 003760.800, 107.0
Trd, 003761.900, 108.0
Trd, 003764.740, 107
Trd, 003773.180, 106
Trd, 003785.020, 120
Trd, 003785.240, 100.0
Trd, 003785.260, 88
Trd, 003785.580, 106
Trd, 003785.700, 101
Trd, 003786.380, 103
Trd, 003786.780, 104
Trd, 003786.900, 104
Trd, 003787.220, 115.0
Trd, 003790.180, 98
Trd, 003797.980, 104.0
Trd, 003810.500, 89
Trd, 003815.340, 103
Trd, 003815.460, 102
Trd, 003815.500, 116.0
Trd, 003816.320, 114
Trd, 003817.000, 118
Trd, 003818.000, 107
Trd, 003818.220, 115
Trd, 003820.160, 114
Trd, 003820.620, 109
Trd, 003820.760, 113
Trd, 003845.320, 118.0
Trd, 003845.460, 117.0
Trd, 003845.560, 119
Trd, 003845.680, 120
Trd, 003845.780, 116.0
Trd, 003846.000, 109
Trd, 003846.020, 104.0
Trd, 003846.220, 86
Trd, 003847.300, 107
Trd, 003849.380, 99
Trd, 003850.220, 101
Trd, 003858.200, 98
Trd, 003859.340, 105
Trd, 003875.400, 101
Trd, 003875.900, 98
Trd, 003876.240, 94
Trd, 003876.480, 99.0
Trd, 003876.900, 100.0
Trd, 003877.340, 105
Trd, 003877.360, 108.0
Trd, 003877.600, 100
Trd, 003877.780, 99
Trd, 003878.280, 103
Trd, 003881.520, 99
Trd, 003893.820, 114
Trd, 003898.820, 90
Trd, 003905.540, 102
Trd, 003905.780, 103
Trd, 003906.240, 102
Trd, 003906.320, 100
Trd, 003906.640, 100
Trd, 003906.780, 128.0
Trd, 003909.500, 117
Trd, 003909.820, 122
Trd, 003910.460, 111
Trd, 003910.620, 93
Trd, 003910.900, 118
Trd, 003912.760, 100
Trd, 003918.460, 111
Trd, 003935.540, 75.0
Trd, 003935.680, 100.0
Trd, 003936.060, 89
Trd, 003936.160, 106
Trd, 003936.240, 107
Trd, 003936.880, 96
Trd, 003937.260, 97
Trd, 003939.280, 108
Trd, 003939.960, 112.0
Trd, 003942.740, 109
Trd, 003943.380, 116.0
Trd, 003965.220, 130
Trd, 003965.380, 103
Trd, 003965.660, 114
Trd, 003965.860, 115
Trd, 003966.320, 120
Trd, 003966.560, 116.0
Trd, 003967.440, 111
Trd, 003968.520, 114
Trd, 003968.800, 110
Trd, 003969.100, 104.0
Trd, 003970.620, 113
Trd, 003995.280, 130
Trd, 003995.380, 66.0
Trd, 003995.640, 100.0
Trd, 003995.860, 96
Trd, 003996.000, 119
Trd, 003996.620, 99
Trd, 003997.200, 107
Trd, 004000.460, 111
Trd, 004002.500, 116.0
Trd, 004003.660, 116
Trd, 004006.880, 111
Trd, 004007.520, 89
Trd, 004013.720, 87
Trd, 004025.320, 86
Trd, 004025.520, 134.0
Trd, 004025.640, 133.0
Trd, 004025.680, 104.0
Trd, 004026.400, 109
Trd, 004026.520, 124
Trd, 004028.180, 116.0
Trd, 004029.840, 115
Trd, 004033.180, 111
Trd, 004035.460, 114
Trd, 004036.060, 114
Trd, 004036.920, 91
Trd, 004049.160, 106
Trd, 004055.800, 118.0
Trd, 004055.920, 116.0
Trd, 004056.100, 104.0
Trd, 004056.360, 150.0
Trd, 004056.500, 143
Trd, 004056.940, 111
Trd, 004057.240, 123
Trd, 004061.080, 104
Trd, 004066.640, 104
Trd, 004068.820, 105
Trd, 004070.700, 105
Trd, 004072.760, 90
Trd, 004085.640, 66.0
Trd, 004085.680, 75.0
Trd, 004086.140, 89
Trd, 004086.340, 86
Trd, 004087.360, 88
Trd, 004087.640, 100.0
Trd, 004088.420, 106
Trd, 004092.380, 105
Trd, 004095.240, 107
Trd, 004101.780, 108.0
Trd, 004104.100, 105
Trd, 004105.340, 104.0
Trd, 004115.460, 86
Trd, 004115.520, 100.0
Trd, 004115.660, 66.0
Trd, 004115.760, 95
Trd, 004116.140, 75.0
Trd, 004116.180, 106.0
Trd, 004116.540, 108.0
Trd, 004117.780, 107
Trd, 004120.740, 103
Trd, 004122.340, 104
Trd, 004130.300, 111
Trd, 004134.800, 116.0
Trd, 004138.240, 104.0
Trd, 004145.480, 141
Trd, 004145.580, 75.0
Trd, 004145.900, 83
Trd, 004145.980, 103
Trd, 004146.920, 100.0
Trd, 004147.220, 103
Trd, 004147.880, 100
Trd, 004148.000, 99
Trd, 004148.780, 104
Trd, 004150.880, 108.0
Trd, 004160.800, 111
Trd, 004163.040, 111.0
Trd, 004164.380, 104.0
Trd, 004175.500, 133.0
Trd, 004175.800, 150.0
Trd, 004176.300, 123
Trd, 004176.380, 122
Trd, 004177.020, 117.0
Trd, 004177.400, 116.0
Trd, 004177.420, 124
Trd, 004178.100, 111
Trd, 004182.620, 110
Trd, 004185.160, 110
Trd, 004186.180, 104.0
Trd, 004194.460, 92
Trd, 004205.480, 66.0
Trd, 004205.620, 145.0
Trd, 004206.080, 133.0
Trd, 004206.600, 99
Trd, 004207.020, 100.0
Trd, 004207.440, 108.0
Trd, 004210.280, 111
Trd, 004211.020, 110
Trd, 004212.680, 111
Trd, 004213.620, 109
Trd, 004223.820, 108
Trd, 004235.540, 132
Trd, 004236.160, 133.0
Trd, 004236.180, 119.0
Trd, 004236.260, 118.0
Trd, 004236.360, 123
Trd, 004237.040, 118.0
Trd, 004237.380, 116.0
Trd, 004238.260, 118
Trd, 004241.580, 111
Trd, 004242.140, 104.0
Trd, 004243.740, 108
Trd, 004254.560, 89
Trd, 004265.460, 75.0
Trd, 004265.620, 150.0
Trd, 004265.660, 133.0
Trd, 004265.920, 117.0
Trd, 004269.540, 121.0
Trd, 004269.860, 120.0
Trd, 004270.540, 118
Trd, 004271.440, 116.0
Trd, 004274.080, 111
Trd, 004278.680, 116
Trd, 004278.940, 104.0
Trd, 004286.320, 108
Trd, 004291.800, 97
Trd, 004295.620, 93
Trd, 004295.900, 100.0
Trd, 004295.940, 107
Trd, 004296.000, 91
Trd, 004296.200, 111
Trd, 004296.440, 119
Trd, 004297.600, 95
Trd, 004298.100, 102
Trd, 004301.660, 101
Trd, 004307.680, 116.0
Trd, 004307.800, 104.0
Trd, 004310.780, 90
Trd, 004325.200, 95
Trd, 004325.600, 120
Trd, 004325.980, 102
Trd, 004326.000, 101
Trd, 004326.360, 100.0
Trd, 004326.420, 106
Trd, 004326.620, 109
Trd, 004328.080, 107
Trd, 004328.140, 104
Trd, 004329.500, 106
Trd, 004330.940, 108.0
Trd, 004334.400, 104
Trd, 004338.300, 89
Trd, 004355.400, 96
Trd, 004355.720, 75.0
Trd, 004355.860, 108.0
Trd, 004355.940, 120
Trd, 004356.440, 100
Trd, 004357.060, 85
Trd, 004357.420, 106
Trd, 004358.740, 105
Trd, 004359.600, 102
Trd, 004359.700, 103
Trd, 004363.600, 110
Trd, 004370.080, 116.0
Trd, 004377.240, 86
Trd, 004377.920, 85
Trd, 004385.580, 104
Trd, 004385.800, 103
Trd, 004385.960, 150.0
Trd, 004386.220, 133.0
Trd, 004386.280, 115
Trd, 004387.020, 116.0
Trd, 004387.220, 118
Trd, 004387.420, 105.0
Trd, 004389.500, 110.0
Trd, 004393.180, 111.0
Trd, 004398.080, 104.0
Trd, 004401.360, 103
Trd, 004415.620, 96
Trd, 004416.060, 84
Trd, 004416.240, 98
Trd, 004417.220, 95
Trd, 004417.380, 100.0
Trd, 004417.440, 93
Trd, 004417.540, 107
Trd, 004418.260, 108.0
Trd, 004421.860, 113.0
Trd, 004423.500, 114
Trd, 004427.600, 110
Trd, 004427.760, 104.0
Trd, 004445.740, 96
Trd, 004446.240, 92
Trd, 004446.520, 95
Trd, 004446.780, 93
Trd, 004446.820, 99.0
Trd, 004447.080, 100.0
Trd, 004447.660, 107
Trd, 004448.060, 94
Trd, 004449.740, 108.0
Trd, 004452.960, 102
Trd, 004454.300, 101
Trd, 004459.280, 93
Trd, 004463.060, 90
Trd, 004466.680, 95
Trd, 004476.060, 99
Trd, 004476.260, 99
Trd, 004476.560, 100
Trd, 004476.640, 99
Trd, 004476.780, 100.0
Trd, 004476.800, 98
Trd, 004477.040, 108.0
Trd, 004479.580, 105
Trd, 004485.120, 116.0
Trd, 004485.500, 106
Trd, 004489.940, 104
Trd, 004494.100, 91
Trd, 004505.780, 75.0
Trd, 004506.180, 87
Trd, 004506.300, 89
Trd, 004506.400, 84
Trd, 004506.620, 92
Trd, 004506.700, 84
Trd, 004506.800, 100.0
Trd, 004507.120, 108
Trd, 004510.940, 105
Trd, 004514.200, 116.0
Trd, 004518.840, 110.0
Trd, 004527.640, 104.0
Trd, 004530.680, 89
Trd, 004535.800, 121
Trd, 004535.880, 76.0
Trd, 004536.180, 148.0
Trd, 004536.460, 117
Trd, 004536.680, 118
Trd, 004536.860, 120
Trd, 004537.060, 100.0
Trd, 004537.400, 92
Trd, 004540.080, 100
Trd, 004540.460, 104
Trd, 004544.380, 102
Trd, 004545.820, 100
Trd, 004555.600, 90
Trd, 004565.680, 116.0
Trd, 004566.040, 107
Trd, 004566.240, 108
Trd, 004566.380, 106
Trd, 004566.480, 109
Trd, 004566.520, 106
Trd, 004566.980, 126.0
Trd, 004567.160, 106
Trd, 004571.940, 108
Trd, 004574.500, 104.0
Trd, 004576.640, 108
Trd, 004583.020, 100
Trd, 004588.280, 101
Trd, 004595.920, 66.0
Trd, 004596.100, 74.0
Trd, 004596.120, 75.0
Trd, 004596.140, 108.0
Trd, 004596.880, 100.0
Trd, 004597.340, 103
Trd, 004597.760, 93
Trd, 004598.540, 104
Trd, 004599.840, 104
Trd, 004599.940, 104
Trd, 004602.160, 108
Trd, 004608.260, 111
Trd, 004613.960, 108
Trd, 004626.020, 133.0
Trd, 004626.120, 115
Trd, 004626.160, 97
Trd, 004626.280, 116.0
Trd, 004626.300, 145.0
Trd, 004626.500, 91
Trd, 004627.700, 100.0
Trd, 004629.260, 108.0
Trd, 004632.440, 107.0
Trd, 004637.720, 106.0
Trd, 004638.800, 107
Trd, 004640.180, 104.0
Trd, 004641.420, 87
Trd, 004655.820, 66.0
Trd, 004655.840, 75.0
Trd, 004656.360, 115.0
Trd, 004656.560, 99.0
Trd, 004656.780, 100.0
Trd, 004657.060, 116.0
Trd, 004657.880, 125.0
Trd, 004659.400, 111
Trd, 004664.220, 116
Trd, 004664.400, 110
Trd, 004665.360, 118
Trd, 004678.760, 127
Trd, 004682.500, 115
Trd, 004686.200, 66.0
Trd, 004687.340, 98.0
Trd, 004687.720, 100.0
Trd, 004688.360, 101
Trd, 004689.280, 102
Trd, 004692.240, 108.0
Trd, 004693.100, 113
Trd, 004697.520, 116.0
Trd, 004697.640, 115
Trd, 004699.240, 121
Trd, 004700.400, 110
Trd, 004705.540, 90
Trd, 004715.920, 150.0
Trd, 004716.080, 125
Trd, 004716.180, 121.0
Trd, 004716.980, 120.0
Trd, 004717.180, 117.0
Trd, 004718.200, 116.0
Trd, 004719.280, 115
Trd, 004719.680, 116.0
Trd, 004720.380, 109
Trd, 004723.480, 103
Trd, 004724.100, 102
Trd, 004734.500, 104.0
Trd, 004739.460, 90
Trd, 004740.420, 85
Trd, 004745.860, 65.0
Trd, 004746.020, 66.0
Trd, 004746.420, 82
Trd, 004746.700, 100.0
Trd, 004747.180, 101
Trd, 004747.300, 107
Trd, 004747.440, 101
Trd, 004748.820, 102
Trd, 004748.840, 101
Trd, 004749.460, 108.0
Trd, 004753.840, 116.0
Trd, 004758.300, 86
Trd, 004758.320, 75.0
Trd, 004767.880, 104
Trd, 004775.860, 133.0
Trd, 004776.340, 116.0
Trd, 004776.380, 118
Trd, 004776.760, 96
Trd, 004777.260, 115
Trd, 004777.360, 101
Trd, 004780.600, 106
Trd, 004781.940, 106
Trd, 004783.560, 108.0
Trd, 004787.900, 109
Trd, 004794.260, 105
Trd, 004806.320, 100
Trd, 004806.540, 102
Trd, 004807.100, 103
Trd, 004807.880, 108.0
Trd, 004808.300, 104
Trd, 004809.640, 115.0
Trd, 004809.680, 116.0
Trd, 004813.780, 119
Trd, 004817.500, 107.0
Trd, 004817.580, 104.0
Trd, 004818.020, 95
Trd, 004823.180, 105
Trd, 004827.840, 90
Trd, 004836.000, 133.0
Trd, 004836.040, 120.0
Trd, 004836.520, 120
Trd, 004836.700, 116.0
Trd, 004836.720, 131
Trd, 004837.160, 113
Trd, 004837.260, 131
Trd, 004838.000, 114
Trd, 004838.360, 112
Trd, 004839.300, 108
Trd, 004840.300, 104.0
Trd, 004846.980, 89
Trd, 004866.000, 100
Trd, 004866.120, 97
Trd, 004866.220, 98
Trd, 004866.240, 100.0
Trd, 004866.720, 104
Trd, 004867.060, 104.0
Trd, 004867.100, 90
Trd, 004868.600, 95
Trd, 004870.000, 96
Trd, 004870.440, 105
Trd, 004875.660, 108.0
Trd, 004880.020, 107
Trd, 004885.720, 89
Trd, 004886.540, 86
Trd, 004896.020, 94
Trd, 004896.400, 87
Trd, 004896.440, 99
Trd, 004896.680, 100.0
Trd, 004896.820, 98
Trd, 004896.980, 108.0
Trd, 004897.260, 116.0
Trd, 004899.700, 106
Trd, 004901.420, 112
Trd, 004903.780, 110
Trd, 004904.900, 107
Trd, 004906.560, 104.0
Trd, 004926.420, 99
Trd, 004926.480, 94
Trd, 004926.520, 93
Trd, 004926.640, 99
Trd, 004926.920, 99.0
Trd, 004926.940, 100.0
Trd, 004927.580, 95
Trd, 004928.620, 97
Trd, 004930.540, 104
Trd, 004941.720, 108.0
Trd, 004943.660, 104.0
Trd, 004955.980, 75.0
Trd, 004956.020, 125
Trd, 004956.060, 93
Trd, 004956.920, 109
Trd, 004956.960, 101
Trd, 004957.080, 110
Trd, 004957.320, 118
Trd, 004960.860, 109
Trd, 004961.920, 109
Trd, 004962.820, 117
Trd, 004968.620, 111
Trd, 004969.620, 104.0
Trd, 004972.740, 106
Trd, 004985.960, 66.0
Trd, 004986.060, 150.0
Trd, 004986.180, 100
Trd, 004986.500, 133.0
Trd, 004987.660, 126
Trd, 004988.140, 125
Trd, 004988.180, 126
Trd, 004989.100, 120.0
Trd, 004989.940, 116
Trd, 004991.540, 116.0
Trd, 004994.580, 104.0
Trd, 004997.040, 105
