Trd, 000030.060, 133.0
Trd, 000030.100, 58.0
Trd, 000030.860, 120.0
Trd, 000030.940, 105
Trd, 000031.440, 113
Trd, 000031.540, 103
Trd, 000031.940, 113.0
Trd, 000034.700, 118
Trd, 000037.420, 116
Trd, 000039.480, 116
Trd, 000041.000, 120
Trd, 000041.760, 112.0
Trd, 000044.140, 100.0
Trd, 000060.260, 58.0
Trd, 000060.940, 123.0
Trd, 000061.160, 121.0
Trd, 000061.620, 120.0
Trd, 000062.440, 118
Trd, 000062.500, 112.0
Trd, 000064.300, 117
Trd, 000065.160, 115
Trd, 000066.520, 115
Trd, 000067.720, 112
Trd, 000072.960, 102
Trd, 000074.800, 114
Trd, 000090.400, 109
Trd, 000090.420, 107
Trd, 000090.460, 113
Trd, 000090.620, 101
Trd, 000090.720, 112
Trd, 000091.260, 113
Trd, 000091.340, 114
Trd, 000091.520, 112.0
Trd, 000094.060, 114
Trd, 000096.180, 114
Trd, 000096.360, 115
Trd, 000100.760, 100.0
Trd, 000105.900, 95.0
Trd, 000120.440, 67
Trd, 000120.480, 83.0
Trd, 000120.580, 98
Trd, 000120.720, 120.0
Trd, 000120.940, 121
Trd, 000121.760, 118
Trd, 000123.220, 105
Trd, 000123.680, 110
Trd, 000126.260, 109
Trd, 000127.100, 109
Trd, 000130.280, 107
Trd, 000142.080, 103
Trd, 000150.320, 75.0
Trd, 000150.360, 83.0
Trd, 000150.780, 124.0
Trd, 000150.820, 125.0
Trd, 000151.220, 118
Trd, 000151.400, 112.0
Trd, 000152.460, 125
Trd, 000152.600, 111
Trd, 000153.440, 110
Trd, 000156.360, 101
Trd, 000156.680, 113
Trd, 000163.880, 100.0
Trd, 000167.060, 95.0
Trd, 000167.940, 113
Trd, 000180.260, 58.0
Trd, 000180.480, 114
Trd, 000180.760, 96
Trd, 000181.580, 99
Trd, 000181.640, 111
Trd, 000181.660, 99
Trd, 000182.400, 103
Trd, 000182.720, 99
Trd, 000183.440, 98.0
Trd, 000184.020, 98
Trd, 000184.780, 95.0
Trd, 000187.220, 98
Trd, 000189.300, 108
Trd, 000210.560, 93
Trd, 000210.680, 95
Trd, 000210.800, 92
Trd, 000211.340, 94.0
Trd, 000211.380, 95.0
Trd, 000211.700, 94
Trd, 000213.120, 112.0
Trd, 000213.800, 98
Trd, 000214.020, 100
Trd, 000214.760, 93
Trd, 000216.660, 109
Trd, 000218.860, 98
Trd, 000237.800, 116
Trd, 000240.360, 133.0
Trd, 000240.740, 120.0
Trd, 000240.800, 112.0
Trd, 000240.900, 100.0
Trd, 000241.820, 112
Trd, 000242.100, 112
Trd, 000242.520, 109
Trd, 000242.740, 110
Trd, 000244.260, 103
Trd, 000246.520, 108
Trd, 000252.380, 108
Trd, 000261.880, 95.0
Trd, 000270.360, 133.0
Trd, 000270.400, 111
Trd, 000270.720, 120.0
Trd, 000270.920, 119
Trd, 000271.000, 100
Trd, 000271.260, 95.0
Trd, 000271.800, 100.0
Trd, 000272.280, 99
Trd, 000272.980, 98
Trd, 000273.740, 99
Trd, 000274.440, 105
Trd, 000275.380, 98
Trd, 000300.540, 97
Trd, 000300.700, 101
Trd, 000300.720, 83.0
Trd, 000300.780, 57
Trd, 000300.840, 101
Trd, 000300.920, 102
Trd, 000301.680, 95.0
Trd, 000302.080, 103
Trd, 000302.280, 96
Trd, 000302.660, 124
Trd, 000303.040, 116
Trd, 000309.580, 114
Trd, 000313.800, 108.0
Trd, 000330.480, 117
Trd, 000330.800, 95.0
Trd, 000330.840, 83.0
Trd, 000330.880, 75.0
Trd, 000331.140, 103
Trd, 000331.660, 120
Trd, 000332.120, 112.0
Trd, 000333.000, 104
Trd, 000335.160, 111
Trd, 000337.180, 109
Trd, 000340.220, 105
Trd, 000341.000, 103
Trd, 000344.440, 100.0
Trd, 000356.960, 95.0
Trd, 000360.400, 54.0
Trd, 000360.700, 120.0
Trd, 000361.620, 134.0
Trd, 000361.660, 133.0
Trd, 000363.600, 126
Trd, 000364.200, 125
Trd, 000365.540, 113
Trd, 000367.500, 112.0
Trd, 000369.460, 108
Trd, 000369.480, 103
Trd, 000370.920, 105
Trd, 000374.420, 100.0
Trd, 000378.020, 95.0
Trd, 000386.940, 86
Trd, 000390.420, 112.0
Trd, 000390.540, 105
Trd, 000390.880, 86
Trd, 000391.640, 75
Trd, 000391.740, 83.0
Trd, 000391.940, 91
Trd, 000392.040, 95.0
Trd, 000392.800, 88
Trd, 000393.920, 99.0
Trd, 000394.140, 100.0
Trd, 000397.020, 103
Trd, 000406.660, 110
Trd, 000407.060, 103
Trd, 000420.740, 103
Trd, 000420.840, 101
Trd, 000420.980, 98
Trd, 000421.000, 103
Trd, 000421.100, 86
Trd, 000421.680, 103
Trd, 000422.200, 87
Trd, 000422.780, 101
Trd, 000422.860, 87
Trd, 000423.020, 86
Trd, 000423.620, 120.0
Trd, 000431.560, 121
Trd, 000432.080, 106
Trd, 000449.180, 121
Trd, 000450.580, 58.0
Trd, 000450.820, 87.0
Trd, 000450.880, 83.0
Trd, 000451.140, 102
Trd, 000451.300, 99
Trd, 000451.380, 95.0
Trd, 000451.560, 94
Trd, 000453.300, 120
Trd, 000457.700, 119
Trd, 000458.740, 109
Trd, 000460.120, 103
Trd, 000475.020, 114
Trd, 000479.920, 103
Trd, 000480.600, 65
Trd, 000480.680, 118
Trd, 000480.840, 114
Trd, 000480.920, 115
Trd, 000481.380, 96
Trd, 000481.980, 112.0
Trd, 000482.260, 103
Trd, 000483.200, 114
Trd, 000487.480, 109
Trd, 000487.740, 109
Trd, 000489.400, 120
Trd, 000495.620, 120
Trd, 000496.640, 113
Trd, 000503.260, 100.0
Trd, 000510.840, 133.0
Trd, 000511.040, 86
Trd, 000511.420, 112.0
Trd, 000511.580, 97
Trd, 000511.700, 114
Trd, 000512.240, 95.0
Trd, 000513.140, 100
Trd, 000515.300, 111
Trd, 000516.880, 103
Trd, 000518.380, 100
Trd, 000521.280, 102
Trd, 000523.900, 108
Trd, 000526.200, 100.0
Trd, 000540.700, 58.0
Trd, 000541.200, 134.0
Trd, 000541.300, 133.0
Trd, 000541.580, 112.0
Trd, 000541.720, 110
Trd, 000542.240, 103
Trd, 000544.000, 111
Trd, 000544.400, 115
Trd, 000547.020, 110
Trd, 000548.140, 108
Trd, 000559.140, 100.0
Trd, 000560.840, 95.0
Trd, 000570.980, 104
Trd, 000571.100, 103
Trd, 000571.220, 99
Trd, 000571.400, 92
Trd, 000571.600, 104
Trd, 000571.900, 104
Trd, 000572.100, 106
Trd, 000573.220, 105
Trd, 000573.240, 95
Trd, 000573.400, 106
Trd, 000573.460, 90
Trd, 000575.060, 116
Trd, 000581.720, 95.0
Trd, 000599.020, 86
Trd, 000600.740, 83.0
Trd, 000600.980, 95.0
Trd, 000601.060, 133.0
Trd, 000601.220, 90
Trd, 000603.160, 114
Trd, 000603.220, 112.0
Trd, 000603.520, 115
Trd, 000604.020, 116
Trd, 000606.040, 112
Trd, 000607.720, 107
Trd, 000609.220, 105
Trd, 000610.160, 108
Trd, 000614.340, 95.0
Trd, 000631.000, 76
Trd, 000631.140, 82.0
Trd, 000631.260, 83.0
Trd, 000631.480, 76.0
Trd, 000632.240, 94
Trd, 000632.280, 95.0
Trd, 000632.400, 100.0
Trd, 000633.500, 115
Trd, 000634.820, 98
Trd, 000637.700, 116
Trd, 000639.420, 111
Trd, 000654.140, 109
Trd, 000655.740, 95.0
Trd, 000660.920, 120.0
Trd, 000660.940, 75.0
Trd, 000661.400, 95.0
Trd, 000661.680, 117
Trd, 000661.840, 112.0
Trd, 000662.080, 100.0
Trd, 000662.260, 96.0
Trd, 000662.540, 101
Trd, 000663.800, 99
Trd, 000664.160, 100.0
Trd, 000664.220, 106
Trd, 000666.520, 118
Trd, 000677.140, 107
Trd, 000691.160, 112.0
Trd, 000691.200, 120
Trd, 000691.240, 103
Trd, 000691.360, 121
Trd, 000691.720, 101.0
Trd, 000692.500, 104
Trd, 000692.660, 108
Trd, 000693.900, 105
Trd, 000694.360, 105
Trd, 000695.320, 104
Trd, 000698.220, 100.0
Trd, 000702.060, 95.0
Trd, 000702.800, 120
Trd, 000720.100, 92
Trd, 000720.940, 130
Trd, 000721.140, 97
Trd, 000721.460, 84.0
Trd, 000721.500, 91
Trd, 000721.900, 95.0
Trd, 000722.440, 92
Trd, 000722.880, 92
Trd, 000723.560, 92
Trd, 000723.600, 95
Trd, 000723.720, 100.0
Trd, 000724.480, 122
Trd, 000746.200, 114.0
Trd, 000750.060, 95.0
Trd, 000751.000, 112.0
Trd, 000751.100, 98
Trd, 000751.320, 116
Trd, 000751.440, 120
Trd, 000751.560, 94
Trd, 000752.060, 96
Trd, 000754.020, 110
Trd, 000756.200, 106
Trd, 000757.480, 105
Trd, 000762.260, 114
Trd, 000771.760, 116
Trd, 000779.960, 100.0
Trd, 000781.000, 120.0
Trd, 000781.100, 108
Trd, 000781.320, 112.0
Trd, 000781.720, 78
Trd, 000782.040, 87
Trd, 000782.180, 85
Trd, 000784.240, 106
Trd, 000785.120, 108
Trd, 000786.580, 108
Trd, 000801.700, 118
Trd, 000806.880, 120
Trd, 000809.940, 103
Trd, 000811.200, 83.0
Trd, 000811.320, 75.0
Trd, 000811.480, 125.0
Trd, 000812.160, 104
Trd, 000813.340, 120
Trd, 000813.560, 120.0
Trd, 000814.920, 118
Trd, 000815.280, 112
Trd, 000815.980, 117
Trd, 000816.780, 103
Trd, 000817.500, 114
Trd, 000821.280, 100.0
Trd, 000827.640, 95.0
Trd, 000839.380, 116
Trd, 000841.380, 115
Trd, 000841.400, 110
Trd, 000841.960, 114
Trd, 000842.640, 112.0
Trd, 000842.760, 100.0
Trd, 000842.860, 114
Trd, 000842.880, 99
Trd, 000842.920, 99
Trd, 000844.540, 113
Trd, 000852.780, 112
Trd, 000858.120, 95.0
Trd, 000858.680, 95
Trd, 000860.800, 116
Trd, 000863.640, 88
Trd, 000871.060, 127
Trd, 000871.380, 120.0
Trd, 000871.900, 117
Trd, 000872.080, 121
Trd, 000872.520, 116
Trd, 000872.600, 112.0
Trd, 000873.660, 112
Trd, 000874.040, 115
Trd, 000875.220, 112
Trd, 000880.680, 110
Trd, 000891.400, 102
Trd, 000891.520, 100.0
Trd, 000894.620, 104
Trd, 000901.260, 58.0
Trd, 000901.400, 94.0
Trd, 000901.900, 95.0
Trd, 000902.160, 125.0
Trd, 000902.720, 133.0
Trd, 000903.400, 102
Trd, 000904.020, 101
Trd, 000906.420, 104.0
Trd, 000906.540, 100.0
Trd, 000906.740, 104
Trd, 000912.760, 95.0
Trd, 000912.820, 100.0
Trd, 000914.480, 104
Trd, 000923.020, 86
Trd, 000931.140, 120.0
Trd, 000931.460, 133.0
Trd, 000931.940, 124
Trd, 000931.980, 122
Trd, 000932.140, 115
Trd, 000932.700, 121
Trd, 000934.020, 112.0
Trd, 000936.280, 120
Trd, 000939.680, 106
Trd, 000940.120, 106
Trd, 000942.780, 103
Trd, 000944.520, 100.0
Trd, 000961.200, 107
Trd, 000961.320, 133.0
Trd, 000961.500, 122
Trd, 000961.980, 120.0
Trd, 000962.040, 95.0
Trd, 000963.180, 104
Trd, 000963.520, 111
Trd, 000964.220, 102
Trd, 000969.780, 103
Trd, 000970.680, 104
Trd, 000971.000, 102
Trd, 000971.080, 116
Trd, 000991.300, 64
Trd, 000991.400, 95.0
Trd, 000991.440, 90
Trd, 000991.780, 83.0
Trd, 000991.920, 94
Trd, 000992.560, 113
Trd, 000993.180, 93
Trd, 000993.520, 96
Trd, 000994.300, 99.0
Trd, 000998.600, 100.0
Trd, 001000.780, 116
Trd, 001003.220, 97
Trd, 001004.780, 120
Trd, 001009.220, 95.0
Trd, 001021.460, 58.0
Trd, 001021.780, 79
Trd, 001022.020, 83.0
Trd, 001022.300, 86.0
Trd, 001022.440, 87.0
Trd, 001023.080, 94
Trd, 001023.480, 95.0
Trd, 001023.800, 100.0
Trd, 001023.940, 100
Trd, 001028.920, 106
Trd, 001029.940, 116
Trd, 001031.420, 106
Trd, 001031.880, 103
Trd, 001032.980, 100.0
Trd, 001051.400, 64
Trd, 001051.540, 116
Trd, 001051.840, 93
Trd, 001051.940, 99
Trd, 001052.200, 92
Trd, 001052.840, 92
Trd, 001053.160, 91
Trd, 001053.320, 95.0
Trd, 001053.600, 100.0
Trd, 001054.040, 101
Trd, 001057.360, 125
Trd, 001060.800, 111
Trd, 001068.140, 100.0
Trd, 001073.400, 86
Trd, 001077.560, 83.0
Trd, 001081.400, 57
Trd, 001081.540, 83.0
Trd, 001081.560, 92
Trd, 001081.640, 119
Trd, 001082.320, 114
Trd, 001082.520, 126
Trd, 001083.420, 123
Trd, 001084.180, 100.0
Trd, 001086.300, 117
Trd, 001089.500, 111
Trd, 001093.680, 109
Trd, 001095.640, 111
Trd, 001108.500, 103
Trd, 001111.500, 95.0
Trd, 001111.560, 103
Trd, 001111.920, 133.0
Trd, 001112.100, 100.0
Trd, 001113.000, 117
Trd, 001113.200, 120.0
Trd, 001115.300, 115
Trd, 001116.400, 113
Trd, 001116.560, 115
Trd, 001117.160, 112
Trd, 001117.800, 103
Trd, 001129.340, 96
Trd, 001141.560, 111
Trd, 001141.760, 133.0
Trd, 001142.080, 112.0
Trd, 001142.120, 109
Trd, 001142.300, 100
Trd, 001142.540, 100.0
Trd, 001143.440, 108
Trd, 001146.780, 104
Trd, 001148.020, 107
Trd, 001149.460, 106
Trd, 001150.480, 106
Trd, 001157.260, 119
Trd, 001160.300, 95.0
Trd, 001171.780, 150
Trd, 001171.920, 100
Trd, 001172.260, 120.0
Trd, 001172.520, 110
Trd, 001173.180, 109
Trd, 001173.280, 108
Trd, 001173.320, 101
Trd, 001173.420, 110
Trd, 001173.520, 109
Trd, 001179.720, 100.0
Trd, 001181.220, 104
Trd, 001187.920, 95.0
Trd, 001189.500, 89
Trd, 001195.840, 86
Trd, 001201.620, 58.0
Trd, 001201.680, 54.0
Trd, 001201.700, 95.0
Trd, 001201.820, 100.0
Trd, 001202.400, 92
Trd, 001202.520, 93
Trd, 001202.820, 90
Trd, 001203.640, 100
Trd, 001207.680, 111
Trd, 001213.140, 104
Trd, 001215.640, 116
Trd, 001220.140, 103
Trd, 001220.240, 121
Trd, 001231.720, 58.0
Trd, 001231.800, 95.0
Trd, 001232.040, 89
Trd, 001232.480, 114
Trd, 001232.780, 117
Trd, 001232.920, 88
Trd, 001233.840, 101
Trd, 001236.040, 100
Trd, 001239.360, 103
Trd, 001246.360, 100
Trd, 001253.500, 114
Trd, 001261.700, 76.0
Trd, 001262.020, 96
Trd, 001262.040, 102
Trd, 001262.280, 95
Trd, 001262.900, 95
Trd, 001262.980, 94
Trd, 001263.020, 99
Trd, 001264.040, 117
Trd, 001264.240, 112.0
Trd, 001265.180, 114
Trd, 001267.920, 112
Trd, 001269.400, 112
Trd, 001280.980, 109
Trd, 001292.120, 106
Trd, 001292.380, 106
Trd, 001292.400, 117
Trd, 001292.580, 104
Trd, 001292.700, 103
Trd, 001293.280, 118
Trd, 001293.740, 112.0
Trd, 001294.640, 106
Trd, 001295.480, 111
Trd, 001296.560, 116
Trd, 001298.040, 109
Trd, 001310.540, 100.0
Trd, 001321.680, 58.0
Trd, 001322.080, 133.0
Trd, 001322.180, 112.0
Trd, 001322.940, 148
Trd, 001323.000, 120
Trd, 001323.320, 145
Trd, 001324.760, 120.0
Trd, 001326.900, 111
Trd, 001328.020, 112
Trd, 001331.660, 112
Trd, 001348.080, 103
Trd, 001351.860, 58.0
Trd, 001352.120, 108
Trd, 001352.500, 103
Trd, 001352.700, 119
Trd, 001352.800, 101
Trd, 001353.020, 109
Trd, 001353.200, 116
Trd, 001354.280, 107
Trd, 001360.820, 110
Trd, 001361.020, 109
Trd, 001361.300, 111
Trd, 001381.760, 58.0
Trd, 001382.040, 112.0
Trd, 001382.400, 94
Trd, 001382.580, 120.0
Trd, 001382.820, 104
Trd, 001383.400, 131
Trd, 001383.720, 125
Trd, 001384.580, 121
Trd, 001385.580, 117
Trd, 001387.620, 114
Trd, 001393.200, 105
Trd, 001401.400, 105
Trd, 001411.780, 120
Trd, 001412.060, 83.0
Trd, 001412.080, 95.0
Trd, 001412.280, 113
Trd, 001412.460, 100
Trd, 001412.820, 112.0
Trd, 001413.320, 114
Trd, 001416.000, 111
Trd, 001417.480, 104
Trd, 001418.740, 105
Trd, 001419.760, 100.0
Trd, 001426.140, 95.0
Trd, 001431.340, 91
Trd, 001441.860, 120.0
Trd, 001441.920, 101
Trd, 001442.560, 112.0
Trd, 001442.580, 107
Trd, 001443.060, 105
Trd, 001443.280, 114
Trd, 001443.600, 119
Trd, 001443.660, 126
Trd, 001446.040, 114
Trd, 001448.260, 115
Trd, 001449.380, 116.0
Trd, 001472.260, 120
Trd, 001472.560, 114.0
Trd, 001472.640, 112.0
Trd, 001472.700, 103
Trd, 001473.100, 111
Trd, 001473.220, 111
Trd, 001473.480, 111
Trd, 001473.640, 114
Trd, 001473.800, 100.0
Trd, 001474.560, 116
Trd, 001483.040, 113
Trd, 001483.660, 109
Trd, 001484.140, 95.0
Trd, 001502.020, 79
Trd, 001502.100, 83.0
Trd, 001502.200, 94.0
Trd, 001502.420, 86
Trd, 001502.880, 93.0
Trd, 001503.100, 95.0
Trd, 001503.940, 123
Trd, 001506.860, 98
Trd, 001510.640, 105
Trd, 001513.540, 106
Trd, 001531.980, 120.0
Trd, 001532.540, 105
Trd, 001533.280, 108
Trd, 001533.560, 101.0
Trd, 001533.700, 100.0
Trd, 001534.380, 104
Trd, 001534.840, 105
Trd, 001536.460, 100
Trd, 001536.860, 95.0
Trd, 001537.160, 105
Trd, 001537.800, 106
Trd, 001539.020, 112.0
Trd, 001541.700, 116
Trd, 001548.460, 85
Trd, 001562.160, 120.0
Trd, 001562.180, 95.0
Trd, 001562.200, 123
Trd, 001562.280, 124
Trd, 001562.560, 122
Trd, 001563.660, 114.0
Trd, 001564.440, 112.0
Trd, 001566.000, 111
Trd, 001568.200, 103
Trd, 001568.540, 105
Trd, 001572.780, 105
Trd, 001578.340, 100.0
Trd, 001580.780, 116
Trd, 001592.120, 145
Trd, 001592.780, 135
Trd, 001592.840, 121.0
Trd, 001592.980, 120.0
Trd, 001593.060, 123
Trd, 001593.100, 100
Trd, 001593.460, 112.0
Trd, 001594.540, 110
Trd, 001599.460, 114
Trd, 001600.760, 117
Trd, 001609.080, 103
Trd, 001622.200, 79
Trd, 001622.980, 112
Trd, 001623.240, 112.0
Trd, 001623.280, 95.0
Trd, 001623.920, 97
Trd, 001624.060, 96
Trd, 001625.560, 110
Trd, 001627.900, 115
Trd, 001631.740, 112
Trd, 001634.960, 110
Trd, 001640.120, 106
Trd, 001652.180, 54.0
Trd, 001652.440, 95.0
Trd, 001652.460, 89
Trd, 001652.540, 100.0
Trd, 001652.960, 85
Trd, 001654.180, 94
Trd, 001654.600, 95
Trd, 001655.060, 96
Trd, 001656.800, 96
Trd, 001659.440, 116
Trd, 001662.220, 121
Trd, 001663.080, 95.0
Trd, 001666.260, 94
Trd, 001682.160, 63
Trd, 001682.200, 95.0
Trd, 001682.300, 86
Trd, 001682.980, 93
Trd, 001683.280, 102
Trd, 001684.620, 97
Trd, 001684.660, 96
Trd, 001684.680, 98
Trd, 001685.120, 100.0
Trd, 001686.500, 111
Trd, 001693.900, 118
Trd, 001701.660, 99
Trd, 001710.460, 95.0
Trd, 001712.380, 83.0
Trd, 001712.500, 94.0
Trd, 001712.800, 94.0
Trd, 001712.820, 91
Trd, 001712.960, 94
Trd, 001713.220, 95.0
Trd, 001714.060, 89
Trd, 001714.220, 95
Trd, 001715.940, 100.0
Trd, 001718.340, 98
Trd, 001719.040, 98
Trd, 001720.760, 104
Trd, 001725.060, 99
Trd, 001742.300, 95.0
Trd, 001742.820, 134.0
Trd, 001742.840, 133.0
Trd, 001743.440, 108
Trd, 001744.980, 128
Trd, 001745.220, 124
Trd, 001745.640, 112.0
Trd, 001746.740, 119.0
Trd, 001753.020, 104
Trd, 001755.120, 105
Trd, 001755.600, 103
Trd, 001758.800, 100.0
Trd, 001772.520, 102
Trd, 001772.560, 116
Trd, 001772.740, 88
Trd, 001772.760, 60
Trd, 001772.800, 95.0
Trd, 001772.880, 64
Trd, 001774.100, 93
Trd, 001775.140, 113
Trd, 001776.300, 113
Trd, 001780.060, 107
Trd, 001784.360, 111
Trd, 001789.520, 110
Trd, 001794.680, 120
Trd, 001799.500, 103
Trd, 001802.360, 58.0
Trd, 001802.820, 120.0
Trd, 001803.040, 106
Trd, 001804.280, 120
Trd, 001805.200, 113.0
Trd, 001805.640, 112.0
Trd, 001805.660, 102
Trd, 001808.220, 106
Trd, 001808.540, 107
Trd, 001809.980, 100.0
Trd, 001810.280, 110
Trd, 001812.100, 107
Trd, 001812.880, 95.0
Trd, 001832.440, 58
Trd, 001832.460, 106
Trd, 001832.540, 58.0
Trd, 001832.600, 112.0
Trd, 001833.320, 134.0
Trd, 001834.320, 133.0
Trd, 001836.000, 116
Trd, 001836.540, 113
Trd, 001837.720, 108
Trd, 001839.240, 103
Trd, 001840.240, 109
Trd, 001842.980, 100.0
Trd, 001843.060, 101
Trd, 001852.440, 95.0
Trd, 001862.520, 83.0
Trd, 001862.780, 94.0
Trd, 001863.080, 94
Trd, 001863.340, 95.0
Trd, 001863.400, 93
Trd, 001863.480, 85
Trd, 001864.960, 123
Trd, 001865.780, 125.0
Trd, 001866.340, 120.0
Trd, 001866.740, 137.0
Trd, 001871.160, 108
Trd, 001874.420, 119
Trd, 001875.520, 95.0
Trd, 001892.580, 112.0
Trd, 001893.180, 95.0
Trd, 001893.340, 84
Trd, 001893.580, 101
Trd, 001893.760, 118
Trd, 001894.120, 113
Trd, 001895.540, 105
Trd, 001895.580, 111
Trd, 001895.760, 113
Trd, 001895.900, 116
Trd, 001897.260, 103
Trd, 001901.540, 96
Trd, 001903.840, 92
Trd, 001917.820, 117
Trd, 001922.660, 54.0
Trd, 001923.040, 94.0
Trd, 001923.220, 85
Trd, 001923.480, 95.0
Trd, 001923.960, 100.0
Trd, 001924.180, 108
Trd, 001925.600, 117
Trd, 001925.720, 107
Trd, 001925.780, 101.0
Trd, 001928.620, 107
Trd, 001932.140, 111
Trd, 001946.200, 103
Trd, 001952.800, 133.0
Trd, 001952.940, 103
Trd, 001953.300, 112.0
Trd, 001953.460, 102
Trd, 001954.420, 114
Trd, 001954.960, 109
Trd, 001955.540, 112
Trd, 001956.120, 100.0
Trd, 001956.160, 112
Trd, 001956.500, 95.0
Trd, 001957.540, 111
Trd, 001957.560, 116
Trd, 001967.580, 111
Trd, 001982.600, 86
Trd, 001982.680, 58.0
Trd, 001982.840, 87.0
Trd, 001983.440, 95.0
Trd, 001984.000, 91
Trd, 001984.320, 128
Trd, 001986.660, 115
Trd, 001989.620, 114
Trd, 001989.800, 110
Trd, 001990.860, 116
Trd, 001995.460, 112.0
Trd, 001998.080, 100.0
Trd, 002005.600, 95.0
Trd, 002012.720, 99
Trd, 002012.800, 74
Trd, 002013.060, 113
Trd, 002013.080, 112.0
Trd, 002013.600, 111
Trd, 002013.860, 111
Trd, 002014.200, 111
Trd, 002014.260, 100.0
Trd, 002015.400, 98
Trd, 002022.160, 97
Trd, 002022.300, 100.0
Trd, 002027.320, 92
Trd, 002035.460, 116
Trd, 002043.000, 120
Trd, 002043.060, 100.0
Trd, 002043.220, 112.0
Trd, 002043.320, 95.0
Trd, 002043.980, 104
Trd, 002044.480, 103
Trd, 002044.680, 104
Trd, 002045.120, 104
Trd, 002046.320, 118
Trd, 002049.180, 101
Trd, 002051.240, 117
Trd, 002055.420, 104
Trd, 002072.780, 133.0
Trd, 002072.940, 121.0
Trd, 002073.000, 120
Trd, 002073.100, 120.0
Trd, 002073.460, 114
Trd, 002073.660, 100.0
Trd, 002074.200, 110
Trd, 002074.960, 110
Trd, 002075.520, 110
Trd, 002076.860, 116
Trd, 002081.420, 116
Trd, 002089.540, 103
Trd, 002101.560, 95.0
Trd, 002102.780, 120.0
Trd, 002103.180, 75.0
Trd, 002103.200, 102
Trd, 002103.900, 101
Trd, 002104.140, 106
Trd, 002105.060, 100
Trd, 002105.400, 100.0
Trd, 002105.860, 100
Trd, 002107.980, 102
Trd, 002113.760, 103.0
Trd, 002114.900, 119
Trd, 002121.580, 95.0
Trd, 002124.500, 120
Trd, 002132.760, 120.0
Trd, 002132.960, 107
Trd, 002133.260, 109
Trd, 002133.300, 119
Trd, 002133.360, 118
Trd, 002133.440, 125.0
Trd, 002134.460, 108
Trd, 002135.060, 118
Trd, 002135.980, 116
Trd, 002136.520, 114
Trd, 002141.520, 103
Trd, 002147.040, 100.0
Trd, 002153.080, 95.0
Trd, 002157.040, 92
Trd, 002162.860, 133.0
Trd, 002162.920, 112.0
Trd, 002163.160, 96.0
Trd, 002164.040, 100
Trd, 002164.060, 100.0
Trd, 002165.200, 99
Trd, 002165.600, 98
Trd, 002166.080, 98.0
Trd, 002166.600, 99
Trd, 002167.220, 99
Trd, 002180.520, 103
Trd, 002192.980, 95.0
Trd, 002193.000, 116
Trd, 002193.280, 133.0
Trd, 002193.620, 86
Trd, 002194.120, 89
Trd, 002194.620, 112.0
Trd, 002195.260, 105
Trd, 002196.520, 112
Trd, 002197.580, 102
Trd, 002200.420, 106
Trd, 002201.360, 107
Trd, 002209.920, 100.0
Trd, 002213.720, 98
Trd, 002216.060, 95.0
Trd, 002222.900, 100
Trd, 002223.020, 63
Trd, 002223.140, 83.0
Trd, 002223.260, 93
Trd, 002223.380, 95.0
Trd, 002224.260, 94
Trd, 002225.780, 101
Trd, 002225.860, 98
Trd, 002226.560, 100
Trd, 002228.440, 100.0
Trd, 002236.520, 112
Trd, 002240.520, 111
Trd, 002251.180, 95.0
Trd, 002252.980, 112.0
Trd, 002253.180, 120.0
Trd, 002253.300, 99
Trd, 002253.880, 86
Trd, 002254.540, 93.0
Trd, 002255.100, 91
Trd, 002255.420, 94.0
Trd, 002255.440, 95.0
Trd, 002255.580, 100.0
Trd, 002262.640, 120
Trd, 002264.700, 113
Trd, 002273.040, 112
Trd, 002283.240, 102
Trd, 002283.300, 100.0
Trd, 002283.380, 116
Trd, 002283.560, 112.0
Trd, 002283.760, 116
Trd, 002284.440, 106
Trd, 002284.640, 103
Trd, 002286.660, 104
Trd, 002287.820, 103
Trd, 002288.480, 105
Trd, 002292.500, 104
Trd, 002293.800, 114
Trd, 002313.140, 105
Trd, 002313.220, 102
Trd, 002313.300, 86
Trd, 002313.800, 98
Trd, 002313.960, 117
Trd, 002314.060, 112.0
Trd, 002314.180, 117
Trd, 002314.800, 101
Trd, 002314.960, 100.0
Trd, 002315.540, 118
Trd, 002317.920, 115
Trd, 002319.560, 120
Trd, 002321.440, 102.0
Trd, 002334.460, 95.0
Trd, 002343.400, 134.0
Trd, 002343.460, 133.0
Trd, 002343.660, 114
Trd, 002343.760, 120.0
Trd, 002344.300, 112.0
Trd, 002344.580, 103
Trd, 002345.420, 109
Trd, 002345.460, 110
Trd, 002347.080, 102
Trd, 002352.560, 100.0
Trd, 002352.760, 102
Trd, 002354.500, 113
Trd, 002356.620, 95.0
Trd, 002373.080, 100
Trd, 002373.180, 54
Trd, 002373.300, 101
Trd, 002373.640, 90
Trd, 002374.700, 77
Trd, 002375.200, 83
Trd, 002375.240, 95.0
Trd, 002375.300, 100.0
Trd, 002375.780, 116
Trd, 002376.120, 116
Trd, 002376.540, 120
Trd, 002390.120, 125.0
Trd, 002395.460, 103
Trd, 002403.960, 114.0
Trd, 002404.020, 112.0
Trd, 002404.060, 115
Trd, 002404.080, 116
Trd, 002404.580, 111
Trd, 002404.720, 109
Trd, 002405.400, 108
Trd, 002406.300, 102
Trd, 002407.480, 107
Trd, 002407.720, 108
Trd, 002409.320, 101
Trd, 002412.860, 100.0
Trd, 002421.780, 99
Trd, 002433.280, 133.0
Trd, 002433.440, 120.0
Trd, 002433.500, 98
Trd, 002433.860, 118
Trd, 002433.960, 107
Trd, 002434.280, 107
Trd, 002435.980, 106
Trd, 002436.060, 107
Trd, 002438.060, 104.0
Trd, 002438.220, 105
Trd, 002442.960, 103
Trd, 002445.520, 100.0
Trd, 002458.940, 95.0
Trd, 002463.400, 99
Trd, 002463.420, 101
Trd, 002463.820, 114
Trd, 002463.860, 99
Trd, 002464.400, 113
Trd, 002464.600, 112.0
Trd, 002465.560, 112
Trd, 002465.800, 101
Trd, 002466.620, 104
Trd, 002467.060, 100.0
Trd, 002469.540, 109
Trd, 002471.660, 95.0
Trd, 002472.440, 110
Trd, 002493.620, 95.0
Trd, 002493.720, 104
Trd, 002493.820, 120
Trd, 002494.260, 104
Trd, 002494.340, 104
Trd, 002494.440, 96
Trd, 002494.740, 105
Trd, 002495.000, 99
Trd, 002495.400, 99
Trd, 002500.020, 100.0
Trd, 002509.920, 100
Trd, 002510.680, 95.0
Trd, 002511.480, 85
Trd, 002516.140, 100.0
Trd, 002523.380, 95.0
Trd, 002523.700, 83.0
Trd, 002523.820, 83
Trd, 002524.520, 85.0
Trd, 002524.600, 87.0
Trd, 002525.000, 88
Trd, 002525.140, 100.0
Trd, 002525.240, 118
Trd, 002526.320, 116
Trd, 002526.560, 113.0
Trd, 002532.440, 125.0
Trd, 002536.960, 112.0
Trd, 002544.840, 103
Trd, 002553.640, 142
Trd, 002553.860, 134.0
Trd, 002554.340, 133.0
Trd, 002554.640, 120.0
Trd, 002555.240, 112.0
Trd, 002555.420, 112
Trd, 002555.980, 101
Trd, 002557.500, 114
Trd, 002557.800, 100
Trd, 002559.540, 108
Trd, 002561.480, 106
Trd, 002564.360, 110
Trd, 002576.880, 95.0
Trd, 002583.560, 112.0
Trd, 002583.580, 105
Trd, 002583.700, 133.0
Trd, 002583.980, 120.0
Trd, 002584.120, 136
Trd, 002584.380, 111
Trd, 002585.480, 112
Trd, 002585.760, 116
Trd, 002586.180, 116
Trd, 002589.480, 111
Trd, 002595.480, 103
Trd, 002601.340, 100.0
Trd, 002609.080, 95.0
Trd, 002612.860, 86
Trd, 002613.440, 112.0
Trd, 002613.600, 105
Trd, 002613.860, 104
Trd, 002613.940, 105
Trd, 002614.280, 99
Trd, 002614.800, 101
Trd, 002614.940, 104
Trd, 002615.120, 99
Trd, 002615.880, 101
Trd, 002616.120, 95.0
Trd, 002617.820, 105
Trd, 002618.860, 108
Trd, 002621.320, 116
Trd, 002643.680, 101
Trd, 002643.740, 83.0
Trd, 002643.800, 102
Trd, 002643.860, 75.0
Trd, 002644.060, 101
Trd, 002644.320, 73
Trd, 002644.520, 70
Trd, 002644.940, 92
Trd, 002645.780, 85
Trd, 002646.660, 95.0
Trd, 002651.520, 117
Trd, 002657.540, 104
Trd, 002673.820, 116
Trd, 002673.920, 112.0
Trd, 002674.060, 110
Trd, 002674.500, 120
Trd, 002675.100, 103
Trd, 002675.840, 93
Trd, 002676.260, 92
Trd, 002676.380, 93.0
Trd, 002676.680, 95.0
Trd, 002677.920, 96
Trd, 002679.440, 95
Trd, 002682.460, 100.0
Trd, 002698.640, 85
Trd, 002703.560, 83.0
Trd, 002704.140, 93
Trd, 002704.220, 94
Trd, 002704.280, 118
Trd, 002704.500, 117
Trd, 002704.900, 112.0
Trd, 002705.100, 95.0
Trd, 002705.420, 100
Trd, 002707.180, 119
Trd, 002709.940, 118
Trd, 002710.500, 120
Trd, 002722.280, 125.0
Trd, 002724.300, 100.0
Trd, 002733.720, 112.0
Trd, 002733.760, 95.0
Trd, 002733.820, 120
Trd, 002734.220, 93
Trd, 002734.640, 95.0
Trd, 002735.480, 97
Trd, 002735.540, 100.0
Trd, 002735.580, 105
Trd, 002735.620, 107
Trd, 002736.360, 118
Trd, 002738.360, 120
Trd, 002739.660, 103
Trd, 002746.820, 102
Trd, 002764.040, 112.0
Trd, 002764.100, 127
Trd, 002764.320, 120.0
Trd, 002765.240, 115
Trd, 002765.620, 115
Trd, 002765.720, 118
Trd, 002766.200, 117
Trd, 002766.640, 116
Trd, 002766.660, 117
Trd, 002780.480, 101
Trd, 002785.780, 117
Trd, 002793.140, 100.0
Trd, 002793.640, 54.0
Trd, 002793.780, 83.0
Trd, 002794.060, 95.0
Trd, 002794.180, 103
Trd, 002794.500, 115
Trd, 002794.680, 107
Trd, 002794.980, 115
Trd, 002795.080, 116
Trd, 002795.100, 88
Trd, 002802.360, 109
Trd, 002803.180, 109
Trd, 002809.860, 103
Trd, 002823.840, 102
Trd, 002823.880, 101
Trd, 002823.980, 105
Trd, 002824.300, 112.0
Trd, 002824.340, 95.0
Trd, 002824.920, 108
Trd, 002825.820, 110
Trd, 002826.940, 110
Trd, 002827.760, 100.0
Trd, 002831.280, 110
Trd, 002831.940, 100
Trd, 002839.680, 116
Trd, 002847.660, 84
Trd, 002853.940, 133.0
Trd, 002854.440, 115
Trd, 002854.680, 112.0
Trd, 002855.060, 113
Trd, 002855.080, 120
Trd, 002856.560, 102
Trd, 002856.900, 109
Trd, 002856.940, 110
Trd, 002859.580, 109
Trd, 002866.600, 102
Trd, 002884.180, 113.0
Trd, 002884.360, 112.0
Trd, 002884.460, 113
Trd, 002884.620, 111
Trd, 002884.820, 95.0
Trd, 002885.260, 101
Trd, 002885.440, 99
Trd, 002886.840, 109
Trd, 002887.540, 88.0
Trd, 002887.840, 109
Trd, 002888.300, 86
Trd, 002888.320, 116
Trd, 002900.880, 120
Trd, 002908.080, 123
Trd, 002913.800, 120
Trd, 002913.960, 120.0
Trd, 002914.080, 111
Trd, 002914.180, 95.0
Trd, 002914.220, 96
Trd, 002914.420, 112.0
Trd, 002915.840, 110
Trd, 002916.800, 102
Trd, 002917.520, 101.0
Trd, 002917.980, 100.0
Trd, 002918.260, 101
Trd, 002919.240, 120
Trd, 002924.800, 99
Trd, 002925.400, 86
Trd, 002943.880, 120
Trd, 002944.060, 112.0
Trd, 002944.220, 113
Trd, 002944.260, 109
Trd, 002944.300, 114
Trd, 002944.440, 108
Trd, 002944.540, 117
Trd, 002945.180, 94.0
Trd, 002945.380, 85
Trd, 002945.520, 95.0
Trd, 002947.060, 102
Trd, 002947.340, 125.0
Trd, 002969.160, 100.0
Trd, 002973.900, 119
Trd, 002973.980, 83.0
Trd, 002974.040, 64
Trd, 002974.440, 88
Trd, 002974.540, 95
Trd, 002974.660, 120
Trd, 002975.140, 121
Trd, 002975.520, 121
Trd, 002976.320, 120.0
Trd, 002976.480, 111
Trd, 002977.980, 95.0
Trd, 002982.100, 121
Trd, 002985.600, 95.0
Trd, 002989.040, 88
Trd, 003004.020, 112.0
Trd, 003004.460, 116
Trd, 003004.680, 117
Trd, 003004.860, 104
Trd, 003005.340, 104
Trd, 003005.540, 113
Trd, 003005.580, 103
Trd, 003006.120, 100.0
Trd, 003007.560, 117
Trd, 003008.360, 95.0
Trd, 003008.620, 116
Trd, 003012.140, 121
Trd, 003023.220, 113
Trd, 003034.240, 95.0
Trd, 003034.260, 80
Trd, 003034.360, 83
Trd, 003034.680, 102
Trd, 003034.760, 78
Trd, 003035.140, 101
Trd, 003035.300, 100
Trd, 003036.500, 103
Trd, 003037.640, 103
Trd, 003043.440, 119
Trd, 003048.460, 120
Trd, 003050.600, 115
Trd, 003057.780, 110
Trd, 003058.480, 100.0
Trd, 003064.280, 112
Trd, 003064.300, 112.0
Trd, 003064.540, 100.0
Trd, 003065.180, 124
Trd, 003065.340, 120.0
Trd, 003065.600, 117
Trd, 003065.800, 118
Trd, 003065.880, 116
Trd, 003065.940, 107
Trd, 003070.800, 102
Trd, 003074.500, 95.0
Trd, 003074.980, 119
Trd, 003076.760, 85
Trd, 003086.020, 121
Trd, 003094.120, 132
Trd, 003094.180, 95
Trd, 003094.600, 101
Trd, 003094.720, 100.0
Trd, 003095.000, 98
Trd, 003095.600, 101
Trd, 003095.680, 103
Trd, 003095.980, 103
Trd, 003096.160, 111
Trd, 003099.200, 109
Trd, 003099.240, 110
Trd, 003100.340, 117
Trd, 003124.140, 115
Trd, 003124.200, 133.0
Trd, 003124.300, 112.0
Trd, 003124.440, 84
Trd, 003124.880, 105
Trd, 003125.280, 120.0
Trd, 003126.540, 98
Trd, 003127.500, 99
Trd, 003127.600, 100
Trd, 003127.680, 100
Trd, 003129.520, 97
Trd, 003130.960, 100.0
Trd, 003135.440, 121
Trd, 003154.280, 128
Trd, 003154.380, 108
Trd, 003154.700, 104
Trd, 003154.720, 86
Trd, 003155.020, 87
Trd, 003155.060, 121
Trd, 003155.500, 94.0
Trd, 003155.620, 94.0
Trd, 003158.420, 95.0
Trd, 003160.840, 100.0
Trd, 003172.940, 109
Trd, 003184.280, 94.0
Trd, 003184.420, 94.0
Trd, 003184.460, 83
Trd, 003184.480, 95.0
Trd, 003184.680, 119
Trd, 003185.060, 100
Trd, 003186.000, 110
Trd, 003186.460, 103
Trd, 003187.640, 99
Trd, 003188.020, 95
Trd, 003188.460, 99
Trd, 003193.500, 119
Trd, 003199.300, 120
Trd, 003210.440, 95.0
Trd, 003213.700, 85
Trd, 003214.340, 83.0
Trd, 003214.400, 58.0
Trd, 003214.720, 113.0
Trd, 003214.800, 116
Trd, 003215.840, 113
Trd, 003216.300, 112.0
Trd, 003216.680, 121
Trd, 003217.440, 122
Trd, 003219.620, 103
Trd, 003219.860, 100.0
Trd, 003224.020, 122
Trd, 003240.960, 118
Trd, 003244.340, 115
Trd, 003244.360, 100
Trd, 003244.480, 95.0
Trd, 003244.680, 112.0
Trd, 003244.840, 92
Trd, 003245.220, 114
Trd, 003245.720, 114
Trd, 003246.260, 114
Trd, 003247.000, 114
Trd, 003248.240, 116
Trd, 003252.460, 108
Trd, 003262.680, 120
Trd, 003264.080, 100.0
Trd, 003274.320, 101
Trd, 003274.480, 70.0
Trd, 003274.780, 102
Trd, 003274.840, 103
Trd, 003275.000, 95.0
Trd, 003275.220, 121
Trd, 003275.920, 112.0
Trd, 003276.560, 121
Trd, 003276.820, 120.0
Trd, 003278.740, 111
Trd, 003283.640, 108
Trd, 003285.220, 106.0
Trd, 003304.440, 75
Trd, 003304.520, 58
Trd, 003304.580, 120.0
Trd, 003304.720, 83.0
Trd, 003305.020, 95.0
Trd, 003305.580, 112.0
Trd, 003305.760, 100
Trd, 003306.100, 100
Trd, 003306.700, 102
Trd, 003306.820, 125.0
Trd, 003308.040, 124
Trd, 003312.480, 123
Trd, 003316.220, 100.0
Trd, 003325.760, 96
Trd, 003330.560, 95.0
Trd, 003334.360, 133.0
Trd, 003334.500, 85
Trd, 003335.180, 98
Trd, 003335.280, 100
Trd, 003335.620, 105
Trd, 003336.120, 98
Trd, 003337.220, 97
Trd, 003339.360, 97
Trd, 003340.420, 98
Trd, 003340.800, 100
Trd, 003341.300, 116
Trd, 003352.860, 96
Trd, 003364.440, 133.0
Trd, 003364.620, 120.0
Trd, 003364.720, 87
Trd, 003364.820, 94.0
Trd, 003365.280, 95.0
Trd, 003365.700, 98.0
Trd, 003365.820, 100.0
Trd, 003366.780, 121
Trd, 003367.860, 107
Trd, 003368.980, 104
Trd, 003369.300, 100.0
Trd, 003371.000, 108
Trd, 003386.000, 95.0
Trd, 003393.720, 86
Trd, 003394.640, 119
Trd, 003394.900, 117
Trd, 003395.080, 123
Trd, 003395.280, 105
Trd, 003395.500, 108
Trd, 003395.640, 113
Trd, 003395.780, 112.0
Trd, 003399.380, 109
Trd, 003401.160, 108
Trd, 003401.360, 105.0
Trd, 003401.600, 103
Trd, 003408.220, 100.0
Trd, 003425.040, 103
Trd, 003425.140, 100
Trd, 003425.180, 97
Trd, 003425.480, 101
Trd, 003425.500, 103
Trd, 003425.620, 104
Trd, 003425.840, 100
Trd, 003425.960, 105
Trd, 003426.240, 97.0
Trd, 003427.800, 117
Trd, 003427.940, 123
Trd, 003434.840, 115.0
Trd, 003438.360, 112.0
Trd, 003454.660, 58.0
Trd, 003454.700, 87.0
Trd, 003454.880, 95.0
Trd, 003455.100, 100.0
Trd, 003455.740, 120.0
Trd, 003456.340, 113.0
Trd, 003456.420, 116
Trd, 003459.480, 112.0
Trd, 003461.680, 116
Trd, 003467.880, 111
Trd, 003484.600, 94.0
Trd, 003485.000, 58.0
Trd, 003485.160, 91
Trd, 003485.180, 86
Trd, 003485.660, 95.0
Trd, 003486.060, 90
Trd, 003486.500, 90
Trd, 003487.160, 92
Trd, 003487.420, 100.0
Trd, 003492.460, 102
Trd, 003493.260, 109
Trd, 003494.780, 111
Trd, 003504.320, 100.0
Trd, 003514.620, 120.0
Trd, 003514.940, 83.0
Trd, 003514.960, 95.0
Trd, 003515.240, 112.0
Trd, 003515.300, 75.0
Trd, 003515.500, 83
Trd, 003515.960, 96
Trd, 003516.000, 97
Trd, 003516.460, 131.0
Trd, 003516.640, 133.0
Trd, 003519.160, 120
Trd, 003524.160, 101
Trd, 003525.440, 100.0
Trd, 003536.420, 95.0
Trd, 003544.620, 83.0
Trd, 003544.760, 58.0
Trd, 003545.500, 123
Trd, 003545.880, 120.0
Trd, 003547.540, 118
Trd, 003548.040, 116
Trd, 003548.480, 115
Trd, 003549.100, 116
Trd, 003549.780, 112.0
Trd, 003550.680, 100.0
Trd, 003551.220, 116
Trd, 003551.820, 116
Trd, 003552.480, 120
Trd, 003571.820, 95.0
Trd, 003574.780, 75.0
Trd, 003574.820, 95.0
Trd, 003575.100, 83.0
Trd, 003575.240, 99.0
Trd, 003575.420, 98
Trd, 003575.460, 95.0
Trd, 003576.000, 100
Trd, 003576.740, 99.0
Trd, 003578.140, 100.0
Trd, 003580.900, 119
Trd, 003582.480, 107
Trd, 003583.100, 113
Trd, 003583.700, 103
Trd, 003584.420, 102
Trd, 003604.880, 58.0
Trd, 003605.040, 83.0
Trd, 003605.240, 101
Trd, 003605.500, 86
Trd, 003605.900, 95.0
Trd, 003606.540, 93
Trd, 003606.920, 94
Trd, 003607.200, 98
Trd, 003610.080, 100.0
Trd, 003614.320, 103
Trd, 003615.000, 118
Trd, 003615.440, 101
Trd, 003626.060, 95.0
Trd, 003634.900, 71
Trd, 003635.140, 95.0
Trd, 003635.220, 117
Trd, 003635.480, 118
Trd, 003635.560, 97
Trd, 003636.260, 114
Trd, 003636.520, 98
Trd, 003637.620, 106
Trd, 003638.300, 103
Trd, 003638.700, 103
Trd, 003639.480, 101
Trd, 003641.960, 120
Trd, 003651.020, 100.0
Trd, 003665.020, 101
Trd, 003665.040, 104
Trd, 003665.180, 87
Trd, 003665.880, 96
Trd, 003666.040, 100.0
Trd, 003666.080, 101
Trd, 003666.300, 94.0
Trd, 003666.380, 95.0
Trd, 003666.840, 87
Trd, 003673.060, 101
Trd, 003680.480, 109
Trd, 003681.980, 118
Trd, 003684.500, 100.0
Trd, 003691.260, 86
Trd, 003694.940, 102
Trd, 003695.180, 83.0
Trd, 003695.240, 60
Trd, 003695.300, 87.0
Trd, 003695.600, 95.0
Trd, 003695.640, 92
Trd, 003695.740, 92
Trd, 003695.880, 118
Trd, 003696.520, 93
Trd, 003696.700, 119
Trd, 003702.280, 110
Trd, 003704.120, 120
Trd, 003714.800, 107
Trd, 003717.400, 118
Trd, 003722.140, 85
Trd, 003725.160, 133.0
Trd, 003725.840, 115
Trd, 003725.940, 113.0
Trd, 003726.520, 112.0
Trd, 003726.540, 100.0
Trd, 003727.340, 103
Trd, 003727.420, 109
Trd, 003728.600, 113
Trd, 003734.580, 107
Trd, 003748.680, 116
Trd, 003749.520, 105
Trd, 003755.340, 53.0
Trd, 003755.480, 54.0
Trd, 003755.600, 83.0
Trd, 003755.620, 87.0
Trd, 003755.760, 58
Trd, 003755.780, 95.0
Trd, 003756.200, 91
Trd, 003756.380, 100.0
Trd, 003759.380, 95
Trd, 003765.500, 109
Trd, 003773.960, 116
Trd, 003775.060, 111
Trd, 003780.020, 103
Trd, 003785.340, 109
Trd, 003785.640, 110
Trd, 003785.660, 108
Trd, 003786.280, 103
Trd, 003786.840, 113
Trd, 003786.960, 112.0
Trd, 003787.040, 103
Trd, 003788.680, 115
Trd, 003790.180, 113
Trd, 003795.780, 116
Trd, 003798.720, 121
Trd, 003801.520, 100.0
Trd, 003815.020, 112.0
Trd, 003815.100, 107
Trd, 003815.160, 108
Trd, 003815.280, 133.0
Trd, 003816.160, 93.0
Trd, 003816.380, 93
Trd, 003816.760, 95.0
Trd, 003816.940, 100.0
Trd, 003819.100, 97
Trd, 003820.020, 124
Trd, 003822.100, 95.0
Trd, 003845.360, 133.0
Trd, 003845.840, 113
Trd, 003845.900, 116
Trd, 003846.060, 113
Trd, 003846.400, 108
Trd, 003847.340, 112.0
Trd, 003847.620, 110
Trd, 003848.280, 111
Trd, 003848.640, 111
Trd, 003850.260, 103
Trd, 003856.180, 104
Trd, 003862.700, 100.0
Trd, 003875.100, 92
Trd, 003875.200, 120.0
Trd, 003875.400, 112.0
Trd, 003875.420, 95.0
Trd, 003875.560, 110
Trd, 003875.940, 85
Trd, 003876.340, 111
Trd, 003877.000, 118
Trd, 003878.040, 120
Trd, 003879.740, 108
Trd, 003881.940, 100
Trd, 003882.400, 107
Trd, 003883.680, 100.0
Trd, 003885.980, 83.0
Trd, 003888.080, 110
Trd, 003905.280, 94.0
Trd, 003905.360, 61
Trd, 003905.580, 94.0
Trd, 003905.600, 95.0
Trd, 003906.540, 117
Trd, 003907.260, 117
Trd, 003909.300, 133.0
Trd, 003912.920, 126
Trd, 003913.780, 117
Trd, 003915.680, 115
Trd, 003918.140, 115
Trd, 003935.220, 54.0
Trd, 003935.460, 133
Trd, 003935.620, 112.0
Trd, 003935.860, 122
Trd, 003936.540, 118
Trd, 003936.760, 120.0
Trd, 003936.880, 110
Trd, 003937.300, 100
Trd, 003938.620, 96.0
Trd, 003944.320, 102
Trd, 003946.620, 101
Trd, 003950.020, 95.0
Trd, 003953.880, 86
Trd, 003965.460, 94.0
Trd, 003965.520, 59
Trd, 003965.660, 95.0
Trd, 003966.360, 88
Trd, 003966.460, 79
Trd, 003966.800, 91
Trd, 003967.160, 87
Trd, 003967.280, 92
Trd, 003970.440, 100.0
Trd, 003973.140, 100
Trd, 003980.840, 116
Trd, 003981.080, 110
Trd, 003989.820, 103
Trd, 003995.500, 104
Trd, 003995.660, 115
Trd, 003995.940, 77.0
Trd, 003996.040, 101
Trd, 003996.500, 83.0
Trd, 003996.940, 86.0
Trd, 003997.480, 87.0
Trd, 003997.640, 87
Trd, 003998.800, 95.0
Trd, 004005.480, 111
Trd, 004010.280, 116
Trd, 004025.520, 95.0
Trd, 004025.940, 100.0
Trd, 004026.340, 84
Trd, 004026.820, 95
Trd, 004027.240, 88
Trd, 004027.620, 121
Trd, 004031.000, 118
Trd, 004031.040, 112.0
Trd, 004033.800, 116
Trd, 004036.740, 118
Trd, 004036.800, 120
Trd, 004041.900, 121
Trd, 004053.920, 95.0
Trd, 004055.420, 58.0
Trd, 004055.680, 112
Trd, 004055.940, 104
Trd, 004055.980, 87
Trd, 004056.120, 83.0
Trd, 004056.460, 99
Trd, 004056.600, 117
Trd, 004057.580, 106
Trd, 004059.960, 110
Trd, 004063.660, 105
Trd, 004067.480, 116
Trd, 004072.160, 100.0
Trd, 004074.940, 95.0
Trd, 004085.400, 58.0
Trd, 004085.460, 87.0
Trd, 004085.820, 112
Trd, 004086.100, 124
Trd, 004086.420, 120.0
Trd, 004086.640, 96
Trd, 004087.060, 112.0
Trd, 004087.580, 91
Trd, 004088.200, 119
Trd, 004091.180, 115
Trd, 004092.380, 116
Trd, 004115.480, 83.0
Trd, 004116.080, 87.0
Trd, 004116.200, 85
Trd, 004116.400, 100.0
Trd, 004116.540, 88
Trd, 004116.820, 89
Trd, 004116.960, 90
Trd, 004117.900, 91
Trd, 004118.140, 95.0
Trd, 004118.980, 98
Trd, 004123.340, 117
Trd, 004124.680, 105
Trd, 004126.820, 113
Trd, 004135.180, 100.0
Trd, 004145.640, 134.0
Trd, 004146.180, 133.0
Trd, 004146.600, 120.0
Trd, 004146.620, 112.0
Trd, 004146.700, 111
Trd, 004146.780, 111
Trd, 004147.000, 99
Trd, 004152.940, 108
Trd, 004154.080, 108
Trd, 004157.380, 104
Trd, 004161.020, 103
Trd, 004167.360, 100.0
Trd, 004175.720, 138
Trd, 004175.840, 120.0
Trd, 004175.960, 106
Trd, 004176.420, 105
Trd, 004178.060, 112.0
Trd, 004178.240, 110
Trd, 004178.640, 109
Trd, 004179.700, 111
Trd, 004182.220, 103
Trd, 004183.220, 100.0
Trd, 004184.220, 102
Trd, 004186.360, 95.0
Trd, 004189.620, 116
Trd, 004203.360, 86
Trd, 004205.660, 112.0
Trd, 004205.700, 116
Trd, 004205.780, 124.0
Trd, 004206.020, 110
Trd, 004206.200, 111
Trd, 004206.340, 100.0
Trd, 004206.720, 104
Trd, 004207.080, 112
Trd, 004208.240, 116
Trd, 004208.580, 103
Trd, 004211.980, 104
Trd, 004214.620, 107
Trd, 004235.720, 105
Trd, 004235.840, 95
Trd, 004236.240, 94
Trd, 004236.440, 103
Trd, 004236.720, 103
Trd, 004236.780, 101
Trd, 004236.880, 104
Trd, 004237.140, 108
Trd, 004237.280, 99
Trd, 004238.620, 115
Trd, 004239.380, 119
Trd, 004242.140, 119
Trd, 004249.620, 100.0
Trd, 004265.040, 102
Trd, 004265.520, 101
Trd, 004265.760, 80
Trd, 004266.040, 83
Trd, 004266.120, 99
Trd, 004266.360, 105
Trd, 004266.440, 119
Trd, 004267.420, 112.0
Trd, 004269.080, 114
Trd, 004271.600, 114
Trd, 004272.180, 104
Trd, 004273.980, 116
Trd, 004281.780, 113
Trd, 004296.040, 110
Trd, 004296.120, 111
Trd, 004296.160, 102
Trd, 004296.620, 116
Trd, 004296.720, 118
Trd, 004296.820, 112.0
Trd, 004296.920, 101
Trd, 004297.260, 116
Trd, 004297.620, 100.0
Trd, 004298.800, 103
Trd, 004302.820, 113
Trd, 004304.260, 113
Trd, 004319.880, 95.0
Trd, 004325.240, 120
Trd, 004325.560, 58.0
Trd, 004326.040, 118
Trd, 004326.100, 112.0
Trd, 004326.500, 106
Trd, 004326.520, 99
Trd, 004326.980, 118
Trd, 004327.040, 120
Trd, 004327.300, 106
Trd, 004328.740, 99.0
Trd, 004330.540, 106
Trd, 004331.560, 97.0
Trd, 004334.760, 95.0
Trd, 004340.460, 85
Trd, 004350.000, 100.0
Trd, 004355.660, 86
Trd, 004355.900, 103
Trd, 004356.260, 106
Trd, 004356.300, 104
Trd, 004356.340, 118
Trd, 004356.420, 104
Trd, 004356.880, 112.0
Trd, 004357.020, 118
Trd, 004361.880, 115
Trd, 004363.240, 111
Trd, 004367.040, 102
Trd, 004382.760, 100.0
Trd, 004385.960, 112.0
Trd, 004386.000, 115
Trd, 004386.100, 108
Trd, 004386.200, 90
Trd, 004386.640, 89
Trd, 004387.500, 108
Trd, 004387.620, 113
Trd, 004387.860, 95.0
Trd, 004389.180, 95
Trd, 004389.860, 105
Trd, 004391.480, 116
Trd, 004391.960, 96
Trd, 004397.700, 120
Trd, 004415.640, 105
Trd, 004415.700, 102
Trd, 004416.020, 133
Trd, 004416.260, 103
Trd, 004416.300, 97
Trd, 004416.980, 108
Trd, 004417.700, 87
Trd, 004418.000, 108
Trd, 004418.840, 108
Trd, 004419.420, 111
Trd, 004419.780, 117
Trd, 004423.720, 100.0
Trd, 004430.620, 95.0
Trd, 004445.660, 54.0
Trd, 004445.760, 83.0
Trd, 004446.600, 120.0
Trd, 004447.220, 114.0
Trd, 004448.400, 112.0
Trd, 004448.720, 112
Trd, 004449.680, 111
Trd, 004449.960, 116
Trd, 004452.520, 100.0
Trd, 004452.700, 113
Trd, 004454.800, 103
Trd, 004458.660, 95.0
Trd, 004458.720, 113
Trd, 004475.640, 97
Trd, 004475.680, 85
Trd, 004475.980, 133.0
Trd, 004476.060, 120.0
Trd, 004476.760, 118
Trd, 004477.320, 113.0
Trd, 004477.580, 112.0
Trd, 004478.060, 100.0
Trd, 004478.120, 114
Trd, 004479.660, 103
Trd, 004483.380, 108
Trd, 004491.060, 113
Trd, 004495.680, 95.0
Trd, 004501.920, 116
Trd, 004505.660, 117
Trd, 004505.700, 118
Trd, 004505.900, 60
Trd, 004505.980, 112.0
Trd, 004506.260, 79
Trd, 004506.640, 99
Trd, 004507.960, 95.0
Trd, 004508.580, 94
Trd, 004510.260, 99
Trd, 004512.320, 100.0
Trd, 004515.880, 121
Trd, 004529.720, 100.0
Trd, 004531.260, 106
Trd, 004535.740, 133.0
Trd, 004536.120, 124
Trd, 004536.480, 121
Trd, 004537.160, 112.0
Trd, 004537.460, 116
Trd, 004537.720, 109
Trd, 004539.160, 111
Trd, 004539.420, 105
Trd, 004539.440, 116
Trd, 004547.700, 103
Trd, 004547.960, 116
Trd, 004555.960, 100.0
Trd, 004565.340, 95.0
Trd, 004565.760, 112.0
Trd, 004566.000, 58.0
Trd, 004566.080, 86
Trd, 004566.560, 93
Trd, 004566.680, 113
Trd, 004566.920, 113
Trd, 004567.320, 100
Trd, 004567.460, 113
Trd, 004567.500, 114
Trd, 004568.000, 116
Trd, 004568.820, 105
Trd, 004581.320, 100.0
Trd, 004587.440, 104
Trd, 004595.800, 106
Trd, 004595.940, 113
Trd, 004596.000, 70
Trd, 004596.320, 83.0
Trd, 004596.440, 82
Trd, 004596.560, 85
Trd, 004598.700, 91.0
Trd, 004598.720, 90
Trd, 004598.780, 89
Trd, 004599.340, 92.0
Trd, 004600.560, 95.0
Trd, 004602.860, 114.0
Trd, 004611.260, 112.0
Trd, 004625.740, 54.0
Trd, 004625.820, 95.0
Trd, 004625.980, 100.0
Trd, 004626.140, 149
Trd, 004626.380, 89
Trd, 004626.480, 81
Trd, 004628.980, 134.0
Trd, 004629.240, 133.0
Trd, 004633.760, 117
Trd, 004641.900, 113
Trd, 004642.700, 114
Trd, 004647.080, 112.0
Trd, 004651.740, 101
Trd, 004655.800, 133.0
Trd, 004655.880, 141
Trd, 004656.220, 89
Trd, 004656.640, 116
Trd, 004657.180, 120
Trd, 004657.640, 105
Trd, 004658.900, 110
Trd, 004658.980, 104
Trd, 004659.720, 106
Trd, 004659.880, 107
Trd, 004660.120, 106
Trd, 004661.820, 103
Trd, 004667.000, 100.0
Trd, 004686.080, 120.0
Trd, 004686.100, 112.0
Trd, 004686.120, 98
Trd, 004686.460, 116
Trd, 004686.840, 95
Trd, 004687.300, 115
Trd, 004687.860, 110
Trd, 004687.880, 91
Trd, 004687.900, 111
Trd, 004691.340, 102
Trd, 004703.920, 100.0
Trd, 004712.360, 117
Trd, 004715.800, 133.0
Trd, 004715.900, 95.0
Trd, 004716.180, 78
Trd, 004716.240, 96
Trd, 004716.800, 120.0
Trd, 004717.420, 113.0
Trd, 004717.560, 112.0
Trd, 004719.300, 109
Trd, 004720.440, 109
Trd, 004722.920, 103
Trd, 004724.100, 106
Trd, 004725.880, 100.0
Trd, 004726.020, 105
Trd, 004745.820, 133.0
Trd, 004746.380, 114
Trd, 004746.520, 112.0
Trd, 004746.740, 100
Trd, 004747.040, 98
Trd, 004747.120, 114
Trd, 004747.200, 95.0
Trd, 004747.560, 103
Trd, 004748.220, 112
Trd, 004752.160, 106
Trd, 004752.740, 116
Trd, 004753.860, 104
Trd, 004767.480, 100.0
Trd, 004775.880, 85
Trd, 004776.220, 110
Trd, 004776.340, 111
Trd, 004776.580, 95
Trd, 004776.760, 117
Trd, 004776.940, 83.0
Trd, 004777.960, 98
Trd, 004779.280, 113
Trd, 004779.320, 120.0
Trd, 004781.720, 112.0
Trd, 004783.680, 117
Trd, 004797.680, 100.0
Trd, 004806.120, 108
Trd, 004806.420, 108
Trd, 004806.440, 101
Trd, 004806.620, 110
Trd, 004806.660, 100.0
Trd, 004806.680, 120
Trd, 004806.740, 84
Trd, 004806.980, 108
Trd, 004807.240, 75.0
Trd, 004808.120, 119
Trd, 004808.540, 124.0
Trd, 004809.760, 109
Trd, 004810.880, 105
Trd, 004813.400, 123
Trd, 004827.120, 95.0
Trd, 004835.880, 113.0
Trd, 004836.060, 112.0
Trd, 004836.180, 100.0
Trd, 004836.240, 88
Trd, 004836.400, 97
Trd, 004836.520, 107
Trd, 004838.100, 107
Trd, 004838.240, 107
Trd, 004838.700, 106
Trd, 004838.980, 108
Trd, 004839.760, 103
Trd, 004847.720, 103
Trd, 004866.220, 120.0
Trd, 004866.320, 102
Trd, 004866.400, 133.0
Trd, 004866.520, 129
Trd, 004866.960, 126
Trd, 004867.040, 125
Trd, 004867.360, 112.0
Trd, 004867.380, 101
Trd, 004871.320, 115
Trd, 004873.360, 113
Trd, 004875.680, 100.0
Trd, 004893.540, 117
Trd, 004895.900, 101
Trd, 004896.040, 94.0
Trd, 004896.120, 95.0
Trd, 004896.420, 90
Trd, 004896.460, 115
Trd, 004896.740, 115
Trd, 004896.800, 92
Trd, 004897.360, 102
Trd, 004897.600, 92
Trd, 004906.900, 107
Trd, 004916.080, 101
Trd, 004923.660, 100.0
Trd, 004926.020, 137
Trd, 004926.200, 112.0
Trd, 004926.380, 117
Trd, 004926.500, 108
Trd, 004926.760, 118
Trd, 004927.040, 117
Trd, 004927.560, 100
Trd, 004928.820, 112
Trd, 004933.320, 111
Trd, 004936.660, 109
Trd, 004937.120, 100.0
Trd, 004952.340, 111
Trd, 004955.940, 58.0
Trd, 004956.140, 54.0
Trd, 004956.280, 115
Trd, 004956.400, 83.0
Trd, 004958.140, 115.0
Trd, 004958.180, 112.0
Trd, 004958.500, 111
Trd, 004959.260, 114
Trd, 004959.920, 114
Trd, 004960.460, 110
Trd, 004970.140, 102
Trd, 004971.720, 100.0
Trd, 004977.380, 116
Trd, 004986.060, 54.0
Trd, 004986.300, 100.0
Trd, 004986.840, 93
Trd, 004987.660, 117
Trd, 004988.020, 103
Trd, 004989.000, 108
Trd, 004991.340, 110
Trd, 004992.260, 111
Trd, 004995.140, 106
Trd, 004995.560, 110
