Trd, 000030.120, 172
Trd, 000030.150, 139
Trd, 000031.090, 143
Trd, 000031.190, 153
Trd, 000031.350, 137
Trd, 000031.800, 153
Trd, 000032.110, 162
Trd, 000032.190, 156
Trd, 000032.250, 164
Trd, 000033.900, 170
Trd, 000035.260, 172
Trd, 000037.590, 165
Trd, 000041.660, 160
Trd, 000053.910, 173
Trd, 000060.060, 188
Trd, 000060.110, 170
Trd, 000060.280, 131
Trd, 000060.480, 131
Trd, 000060.490, 153
Trd, 000061.210, 157
Trd, 000061.230, 138
Trd, 000061.480, 158
Trd, 000061.910, 154
Trd, 000061.990, 160
Trd, 000063.050, 167
Trd, 000063.650, 161
Trd, 000065.930, 169
Trd, 000066.220, 170
Trd, 000069.380, 174
Trd, 000078.300, 168
Trd, 000090.060, 163
Trd, 000090.220, 132
Trd, 000090.370, 133
Trd, 000090.390, 143
Trd, 000090.660, 133
Trd, 000090.790, 136
Trd, 000090.880, 153
Trd, 000091.030, 159
Trd, 000092.290, 152
Trd, 000093.500, 163
Trd, 000100.230, 163
Trd, 000118.910, 145
Trd, 000120.160, 180
Trd, 000120.460, 139
Trd, 000120.590, 145
Trd, 000120.650, 150
Trd, 000120.890, 139
Trd, 000120.990, 138
Trd, 000121.540, 137
Trd, 000121.640, 140
Trd, 000121.670, 141
Trd, 000122.100, 149
Trd, 000122.390, 144
Trd, 000123.490, 160
Trd, 000123.800, 165
Trd, 000124.550, 149
Trd, 000125.820, 164
Trd, 000141.700, 150
Trd, 000150.380, 151
Trd, 000150.490, 155
Trd, 000150.560, 158
Trd, 000150.630, 162
Trd, 000150.970, 156
Trd, 000151.170, 159
Trd, 000152.060, 161
Trd, 000152.290, 160
Trd, 000152.900, 159
Trd, 000155.560, 156
Trd, 000155.950, 149
Trd, 000162.140, 156
Trd, 000163.310, 164
Trd, 000171.540, 149
Trd, 000172.500, 148
Trd, 000180.110, 196
Trd, 000180.210, 187
Trd, 000180.230, 180
Trd, 000180.320, 161
Trd, 000180.370, 154
Trd, 000180.400, 148
Trd, 000180.570, 162
Trd, 000180.720, 164
Trd, 000180.990, 154
Trd, 000181.120, 175
Trd, 000181.210, 174
Trd, 000181.310, 149
Trd, 000182.050, 149
Trd, 000183.350, 139
Trd, 000183.380, 176
Trd, 000205.490, 147
Trd, 000210.150, 162
Trd, 000210.300, 161
Trd, 000210.560, 162
Trd, 000211.230, 147
Trd, 000211.280, 142
Trd, 000211.390, 149
Trd, 000212.540, 145
Trd, 000212.720, 150
Trd, 000214.890, 153
Trd, 000240.150, 160
Trd, 000240.170, 200
Trd, 000240.380, 195
Trd, 000240.690, 158
Trd, 000240.880, 172
Trd, 000240.890, 161
Trd, 000241.240, 158
Trd, 000241.260, 148
Trd, 000242.030, 154
Trd, 000242.970, 145
Trd, 000244.010, 156
Trd, 000255.090, 152
Trd, 000266.970, 143
Trd, 000270.230, 196
Trd, 000270.280, 167
Trd, 000270.380, 167
Trd, 000270.610, 159
Trd, 000271.040, 149
Trd, 000271.090, 159
Trd, 000271.250, 137
Trd, 000271.420, 170
Trd, 000272.510, 151
Trd, 000272.850, 154
Trd, 000273.060, 142
Trd, 000273.490, 157
Trd, 000273.850, 164
Trd, 000281.080, 153
Trd, 000286.600, 168
Trd, 000287.170, 164
Trd, 000300.220, 192
Trd, 000300.250, 149
Trd, 000300.280, 139
Trd, 000300.490, 142
Trd, 000300.540, 171
Trd, 000300.990, 159
Trd, 000301.000, 150
Trd, 000301.130, 174
Trd, 000301.240, 141
Trd, 000301.530, 176
Trd, 000301.550, 176
Trd, 000302.230, 166
Trd, 000302.370, 159
Trd, 000303.010, 148
Trd, 000304.760, 172
Trd, 000305.210, 154
Trd, 000308.690, 151
Trd, 000309.320, 151
Trd, 000313.540, 152
Trd, 000330.460, 192
Trd, 000330.710, 169
Trd, 000330.730, 160
Trd, 000331.030, 158
Trd, 000331.180, 160
Trd, 000331.210, 163
Trd, 000331.270, 157
Trd, 000331.350, 167
Trd, 000331.430, 165
Trd, 000331.560, 168
Trd, 000332.600, 171
Trd, 000332.870, 174
Trd, 000332.970, 163
Trd, 000335.670, 177
Trd, 000336.310, 161
Trd, 000336.680, 180
Trd, 000357.000, 166
Trd, 000360.380, 150
Trd, 000360.450, 160
Trd, 000360.600, 143
Trd, 000360.820, 156
Trd, 000360.860, 148
Trd, 000361.110, 169
Trd, 000362.150, 166
Trd, 000362.460, 161
Trd, 000362.510, 146
Trd, 000362.680, 169
Trd, 000363.380, 147
Trd, 000363.770, 157
Trd, 000365.800, 161
Trd, 000376.870, 163
Trd, 000379.200, 156
Trd, 000390.340, 173
Trd, 000390.580, 155
Trd, 000390.960, 159
Trd, 000391.080, 145
Trd, 000391.130, 141
Trd, 000391.190, 149
Trd, 000391.360, 162
Trd, 000391.620, 144
Trd, 000391.700, 166
Trd, 000391.810, 148
Trd, 000391.820, 170
Trd, 000394.320, 144
Trd, 000395.450, 146
Trd, 000401.090, 145
Trd, 000420.620, 148
Trd, 000420.660, 142
Trd, 000420.790, 147
Trd, 000421.100, 140
Trd, 000421.220, 162
Trd, 000421.610, 159
Trd, 000421.840, 171
Trd, 000421.940, 172
Trd, 000422.050, 172
Trd, 000422.240, 173
Trd, 000422.840, 165
Trd, 000423.550, 145
Trd, 000426.060, 168
Trd, 000450.160, 153
Trd, 000450.480, 146
Trd, 000450.550, 163
Trd, 000450.620, 147
Trd, 000450.920, 148
Trd, 000451.740, 139
Trd, 000451.790, 140
Trd, 000451.860, 148
Trd, 000452.320, 149
Trd, 000452.480, 139
Trd, 000454.100, 150
Trd, 000457.010, 151
Trd, 000460.560, 147
Trd, 000462.180, 152
Trd, 000466.550, 146
Trd, 000470.290, 141
Trd, 000480.290, 191
Trd, 000480.430, 164
Trd, 000480.450, 162
Trd, 000480.520, 157
Trd, 000480.620, 161
Trd, 000480.750, 169
Trd, 000480.910, 179
Trd, 000481.050, 173
Trd, 000481.060, 176
Trd, 000481.100, 165
Trd, 000481.140, 155
Trd, 000481.680, 150
Trd, 000481.720, 147
Trd, 000482.090, 183
Trd, 000482.300, 177
Trd, 000483.930, 179
Trd, 000484.450, 174
Trd, 000485.880, 164
Trd, 000510.350, 187
Trd, 000510.420, 183
Trd, 000510.530, 173
Trd, 000510.560, 161
Trd, 000510.620, 148
Trd, 000510.690, 162
Trd, 000510.870, 164
Trd, 000511.310, 160
Trd, 000511.440, 157
Trd, 000511.800, 150
Trd, 000511.950, 147
Trd, 000513.030, 164
Trd, 000513.330, 163
Trd, 000515.290, 163
Trd, 000515.550, 170
Trd, 000529.100, 178
Trd, 000531.730, 161
Trd, 000532.700, 147
Trd, 000540.490, 165
Trd, 000540.690, 150
Trd, 000540.710, 160
Trd, 000541.070, 135
Trd, 000541.140, 153
Trd, 000541.550, 170
Trd, 000541.660, 160
Trd, 000541.880, 157
Trd, 000541.930, 156
Trd, 000542.170, 172
Trd, 000542.520, 154
Trd, 000551.080, 175
Trd, 000553.020, 180
Trd, 000558.420, 154
Trd, 000570.580, 165
Trd, 000570.630, 146
Trd, 000570.900, 142
Trd, 000570.920, 162
Trd, 000571.090, 164
Trd, 000571.120, 157
Trd, 000571.170, 164
Trd, 000571.680, 171
Trd, 000571.820, 174
Trd, 000572.990, 159
Trd, 000573.900, 147
Trd, 000574.260, 160
Trd, 000579.050, 163
Trd, 000600.430, 185
Trd, 000600.570, 144
Trd, 000600.610, 153
Trd, 000600.720, 141
Trd, 000602.060, 157
Trd, 000602.550, 162
Trd, 000604.170, 167
Trd, 000604.220, 146
Trd, 000611.020, 170
Trd, 000630.440, 172
Trd, 000630.930, 172
Trd, 000630.980, 175
Trd, 000631.450, 166
Trd, 000631.720, 176
Trd, 000631.790, 157
Trd, 000631.800, 156
Trd, 000638.640, 161
Trd, 000638.680, 163
Trd, 000640.340, 164
Trd, 000640.860, 160
Trd, 000655.740, 162
Trd, 000659.960, 163
Trd, 000660.480, 154
Trd, 000660.570, 158
Trd, 000660.630, 172
Trd, 000660.850, 150
Trd, 000660.870, 142
Trd, 000660.930, 152
Trd, 000661.150, 159
Trd, 000661.750, 138
Trd, 000661.960, 165
Trd, 000664.910, 164
Trd, 000665.440, 161
Trd, 000678.020, 162
Trd, 000690.600, 135
Trd, 000690.710, 144
Trd, 000690.740, 159
Trd, 000690.800, 152
Trd, 000691.120, 164
Trd, 000691.350, 161
Trd, 000691.410, 166
Trd, 000692.350, 158
Trd, 000692.600, 160
Trd, 000696.590, 157
Trd, 000698.640, 158
Trd, 000702.750, 164
Trd, 000705.280, 168
Trd, 000720.800, 165
Trd, 000720.850, 155
Trd, 000720.880, 144
Trd, 000721.020, 165
Trd, 000721.060, 137
Trd, 000721.380, 152
Trd, 000722.160, 147
Trd, 000722.820, 154
Trd, 000723.070, 147
Trd, 000723.090, 160
Trd, 000750.550, 162
Trd, 000750.620, 177
Trd, 000750.630, 156
Trd, 000750.900, 165
Trd, 000751.010, 152
Trd, 000751.030, 140
Trd, 000751.190, 133
Trd, 000751.430, 160
Trd, 000751.470, 160
Trd, 000751.670, 139
Trd, 000752.150, 158
Trd, 000752.580, 164
Trd, 000752.600, 157
Trd, 000753.990, 167
Trd, 000754.210, 167
Trd, 000763.650, 172
Trd, 000780.630, 179
Trd, 000780.790, 153
Trd, 000780.830, 144
Trd, 000781.050, 137
Trd, 000781.090, 183
Trd, 000781.280, 165
Trd, 000781.410, 156
Trd, 000781.890, 176
Trd, 000782.070, 160
Trd, 000783.930, 161
Trd, 000784.210, 171
Trd, 000784.860, 175
Trd, 000804.780, 167
Trd, 000810.520, 187
Trd, 000810.640, 185
Trd, 000810.920, 146
Trd, 000811.270, 155
Trd, 000811.340, 158
Trd, 000811.560, 148
Trd, 000811.720, 154
Trd, 000812.550, 152
Trd, 000813.700, 154
Trd, 000814.440, 149
Trd, 000814.670, 163
Trd, 000815.320, 163
Trd, 000816.930, 163
Trd, 000823.000, 161
Trd, 000829.210, 165
Trd, 000831.210, 164
Trd, 000834.450, 154
Trd, 000837.260, 166
Trd, 000840.660, 138
Trd, 000840.680, 132
Trd, 000840.690, 144
Trd, 000840.760, 147
Trd, 000841.450, 145
Trd, 000841.470, 157
Trd, 000841.500, 142
Trd, 000841.730, 139
Trd, 000841.800, 149
Trd, 000842.510, 135
Trd, 000843.380, 143
Trd, 000843.480, 154
Trd, 000847.730, 164
Trd, 000854.630, 169
Trd, 000870.740, 131
Trd, 000871.270, 158
Trd, 000871.480, 155
Trd, 000871.610, 148
Trd, 000871.650, 150
Trd, 000871.780, 150
Trd, 000872.160, 148
Trd, 000872.810, 152
Trd, 000873.190, 161
Trd, 000875.200, 167
Trd, 000881.360, 159
Trd, 000892.010, 153
Trd, 000900.790, 170
Trd, 000900.860, 182
Trd, 000901.010, 167
Trd, 000901.180, 164
Trd, 000901.210, 174
Trd, 000901.230, 148
Trd, 000901.340, 142
Trd, 000901.600, 143
Trd, 000901.790, 145
Trd, 000902.180, 152
Trd, 000902.630, 150
Trd, 000902.820, 152
Trd, 000905.890, 149
Trd, 000905.900, 153
Trd, 000908.700, 166
Trd, 000911.920, 179
Trd, 000930.720, 177
Trd, 000930.780, 183
Trd, 000931.580, 156
Trd, 000931.630, 157
Trd, 000931.850, 156
Trd, 000932.920, 151
Trd, 000933.360, 148
Trd, 000934.310, 149
Trd, 000934.330, 145
Trd, 000936.170, 149
Trd, 000939.940, 151
Trd, 000942.030, 157
Trd, 000960.650, 167
Trd, 000960.860, 159
Trd, 000961.330, 152
Trd, 000961.530, 150
Trd, 000961.590, 168
Trd, 000961.710, 177
Trd, 000962.280, 162
Trd, 000962.320, 148
Trd, 000963.060, 155
Trd, 000963.530, 170
Trd, 000964.070, 170
Trd, 000964.830, 173
Trd, 000971.880, 175
Trd, 000972.860, 167
Trd, 000990.610, 155
Trd, 000990.870, 140
Trd, 000990.880, 152
Trd, 000991.170, 163
Trd, 000991.200, 173
Trd, 000991.310, 163
Trd, 000991.560, 162
Trd, 000991.640, 160
Trd, 000991.730, 158
Trd, 000991.960, 166
Trd, 000992.910, 161
Trd, 000993.190, 164
Trd, 000994.880, 163
Trd, 001021.110, 141
Trd, 001021.120, 145
Trd, 001021.330, 156
Trd, 001021.470, 156
Trd, 001021.560, 158
Trd, 001021.730, 141
Trd, 001022.450, 167
Trd, 001022.510, 164
Trd, 001022.890, 168
Trd, 001023.590, 167
Trd, 001034.360, 153
Trd, 001050.710, 150
Trd, 001050.810, 142
Trd, 001051.060, 149
Trd, 001051.190, 157
Trd, 001051.250, 187
Trd, 001051.650, 148
Trd, 001051.690, 150
Trd, 001051.740, 144
Trd, 001052.670, 159
Trd, 001052.770, 143
Trd, 001053.140, 146
Trd, 001054.660, 162
Trd, 001056.420, 169
Trd, 001062.090, 157
Trd, 001067.130, 160
Trd, 001071.930, 174
Trd, 001080.770, 141
Trd, 001080.950, 139
Trd, 001080.960, 154
Trd, 001080.990, 163
Trd, 001081.120, 140
Trd, 001081.160, 174
Trd, 001081.230, 160
Trd, 001081.290, 160
Trd, 001081.450, 151
Trd, 001081.550, 175
Trd, 001081.620, 167
Trd, 001081.640, 177
Trd, 001081.990, 172
Trd, 001082.970, 169
Trd, 001083.400, 179
Trd, 001085.460, 153
Trd, 001095.380, 158
Trd, 001097.810, 161
Trd, 001110.750, 194
Trd, 001110.860, 174
Trd, 001110.930, 177
Trd, 001111.080, 158
Trd, 001111.340, 153
Trd, 001111.420, 163
Trd, 001111.460, 165
Trd, 001112.060, 169
Trd, 001112.240, 162
Trd, 001112.760, 169
Trd, 001113.120, 160
Trd, 001113.480, 170
Trd, 001114.950, 161
Trd, 001117.170, 172
Trd, 001127.130, 179
Trd, 001129.890, 179
Trd, 001130.760, 181
Trd, 001132.660, 180
Trd, 001137.950, 170
Trd, 001138.070, 167
Trd, 001140.830, 146
Trd, 001140.940, 157
Trd, 001140.990, 164
Trd, 001141.010, 150
Trd, 001141.120, 143
Trd, 001141.250, 173
Trd, 001141.420, 168
Trd, 001141.540, 165
Trd, 001141.580, 172
Trd, 001141.850, 155
Trd, 001142.140, 172
Trd, 001142.510, 165
Trd, 001142.890, 163
Trd, 001144.080, 178
Trd, 001150.170, 176
Trd, 001154.400, 176
Trd, 001158.270, 172
Trd, 001170.760, 163
Trd, 001170.920, 182
Trd, 001170.970, 198
Trd, 001171.030, 152
Trd, 001171.250, 137
Trd, 001171.580, 145
Trd, 001172.140, 132
Trd, 001172.670, 147
Trd, 001172.680, 151
Trd, 001172.870, 154
Trd, 001174.020, 153
Trd, 001174.090, 138
Trd, 001174.140, 158
Trd, 001174.620, 154
Trd, 001174.700, 155
Trd, 001175.770, 165
Trd, 001200.800, 173
Trd, 001200.840, 180
Trd, 001201.150, 170
Trd, 001201.250, 169
Trd, 001201.520, 171
Trd, 001201.650, 163
Trd, 001201.790, 158
Trd, 001202.680, 156
Trd, 001203.650, 157
Trd, 001205.570, 153
Trd, 001208.030, 165
Trd, 001230.990, 171
Trd, 001231.010, 178
Trd, 001231.060, 178
Trd, 001231.080, 175
Trd, 001231.390, 190
Trd, 001231.780, 182
Trd, 001231.890, 175
Trd, 001232.100, 164
Trd, 001232.150, 164
Trd, 001233.180, 182
Trd, 001233.760, 174
Trd, 001247.830, 173
Trd, 001250.300, 161
Trd, 001261.150, 138
Trd, 001261.160, 141
Trd, 001261.250, 142
Trd, 001261.580, 152
Trd, 001262.350, 169
Trd, 001263.720, 151
Trd, 001275.300, 149
Trd, 001279.540, 156
Trd, 001285.160, 149
Trd, 001291.100, 145
Trd, 001291.330, 142
Trd, 001291.430, 146
Trd, 001292.160, 152
Trd, 001292.760, 152
Trd, 001293.480, 156
Trd, 001293.780, 151
Trd, 001294.930, 153
Trd, 001295.030, 153
Trd, 001320.890, 157
Trd, 001321.070, 197
Trd, 001321.130, 169
Trd, 001321.260, 181
Trd, 001321.410, 162
Trd, 001321.500, 157
Trd, 001321.510, 153
Trd, 001321.700, 153
Trd, 001321.800, 170
Trd, 001321.990, 172
Trd, 001322.190, 175
Trd, 001322.280, 176
Trd, 001322.520, 160
Trd, 001322.550, 166
Trd, 001323.310, 180
Trd, 001324.030, 160
Trd, 001325.380, 161
Trd, 001330.320, 160
Trd, 001332.430, 178
Trd, 001341.700, 176
Trd, 001350.910, 137
Trd, 001350.950, 135
Trd, 001350.980, 159
Trd, 001351.120, 190
Trd, 001351.150, 186
Trd, 001351.540, 163
Trd, 001351.590, 156
Trd, 001351.640, 168
Trd, 001351.840, 163
Trd, 001351.910, 168
Trd, 001352.420, 165
Trd, 001353.010, 174
Trd, 001353.350, 164
Trd, 001353.430, 163
Trd, 001354.110, 184
Trd, 001360.660, 175
Trd, 001381.090, 172
Trd, 001381.100, 169
Trd, 001381.120, 179
Trd, 001381.350, 167
Trd, 001381.400, 165
Trd, 001381.540, 157
Trd, 001381.700, 151
Trd, 001381.740, 175
Trd, 001382.290, 151
Trd, 001382.460, 159
Trd, 001383.940, 157
Trd, 001384.360, 156
Trd, 001388.520, 138
Trd, 001399.990, 149
Trd, 001411.070, 162
Trd, 001411.180, 169
Trd, 001411.310, 135
Trd, 001411.630, 152
Trd, 001411.910, 155
Trd, 001411.990, 167
Trd, 001412.250, 170
Trd, 001412.380, 163
Trd, 001412.440, 149
Trd, 001412.570, 170
Trd, 001415.750, 150
Trd, 001416.640, 152
Trd, 001427.080, 150
Trd, 001441.130, 159
Trd, 001441.150, 171
Trd, 001441.170, 168
Trd, 001441.460, 158
Trd, 001441.490, 171
Trd, 001441.620, 158
Trd, 001441.840, 155
Trd, 001441.980, 171
Trd, 001442.050, 179
Trd, 001442.110, 154
Trd, 001442.170, 139
Trd, 001443.300, 155
Trd, 001450.070, 162
Trd, 001453.140, 169
Trd, 001461.810, 160
Trd, 001471.010, 140
Trd, 001471.690, 172
Trd, 001472.130, 171
Trd, 001472.230, 176
Trd, 001472.370, 162
Trd, 001475.410, 174
Trd, 001476.450, 189
Trd, 001501.060, 195
Trd, 001501.160, 166
Trd, 001501.250, 170
Trd, 001501.410, 159
Trd, 001501.700, 149
Trd, 001501.830, 157
Trd, 001501.840, 159
Trd, 001502.290, 158
Trd, 001502.330, 152
Trd, 001503.190, 141
Trd, 001505.150, 165
Trd, 001513.970, 162
Trd, 001519.290, 172
Trd, 001531.100, 143
Trd, 001531.150, 144
Trd, 001531.260, 135
Trd, 001531.280, 149
Trd, 001531.370, 150
Trd, 001531.450, 141
Trd, 001531.830, 157
Trd, 001531.900, 163
Trd, 001532.140, 150
Trd, 001532.830, 147
Trd, 001533.540, 144
Trd, 001535.000, 148
Trd, 001561.230, 157
Trd, 001561.310, 159
Trd, 001561.560, 151
Trd, 001561.600, 172
Trd, 001561.870, 163
Trd, 001561.970, 169
Trd, 001562.000, 170
Trd, 001562.280, 166
Trd, 001562.380, 177
Trd, 001562.440, 182
Trd, 001562.470, 165
Trd, 001563.270, 175
Trd, 001564.910, 160
Trd, 001565.610, 163
Trd, 001569.980, 159
Trd, 001573.920, 153
Trd, 001578.910, 143
Trd, 001589.670, 143
Trd, 001591.050, 154
Trd, 001591.220, 144
Trd, 001591.410, 138
Trd, 001591.420, 151
Trd, 001591.760, 141
Trd, 001591.950, 156
Trd, 001592.380, 158
Trd, 001592.530, 158
Trd, 001593.110, 164
Trd, 001593.300, 167
Trd, 001595.900, 165
Trd, 001599.000, 157
Trd, 001605.720, 155
Trd, 001613.180, 160
Trd, 001613.790, 168
Trd, 001621.330, 137
Trd, 001621.370, 147
Trd, 001621.710, 175
Trd, 001621.810, 172
Trd, 001621.900, 141
Trd, 001621.930, 181
Trd, 001621.980, 144
Trd, 001622.290, 182
Trd, 001622.920, 138
Trd, 001623.080, 144
Trd, 001624.870, 145
Trd, 001628.140, 147
Trd, 001641.560, 159
Trd, 001651.170, 149
Trd, 001651.230, 172
Trd, 001651.290, 159
Trd, 001651.470, 163
Trd, 001651.600, 165
Trd, 001651.760, 155
Trd, 001651.840, 165
Trd, 001652.000, 170
Trd, 001652.510, 179
Trd, 001652.530, 180
Trd, 001652.940, 174
Trd, 001653.850, 172
Trd, 001654.450, 168
Trd, 001656.440, 173
Trd, 001681.190, 138
Trd, 001681.390, 130
Trd, 001681.500, 131
Trd, 001681.510, 135
Trd, 001681.650, 148
Trd, 001682.010, 157
Trd, 001682.150, 165
Trd, 001682.180, 166
Trd, 001682.290, 163
Trd, 001682.380, 161
Trd, 001682.760, 158
Trd, 001682.850, 165
Trd, 001683.560, 161
Trd, 001683.580, 156
Trd, 001684.760, 144
Trd, 001686.360, 143
Trd, 001691.550, 156
Trd, 001711.140, 193
Trd, 001711.170, 177
Trd, 001711.200, 178
Trd, 001711.320, 165
Trd, 001711.480, 174
Trd, 001711.900, 157
Trd, 001711.960, 163
Trd, 001712.080, 157
Trd, 001712.730, 174
Trd, 001714.180, 173
Trd, 001715.850, 169
Trd, 001716.880, 175
Trd, 001718.190, 176
Trd, 001721.170, 171
Trd, 001723.400, 171
Trd, 001723.560, 165
Trd, 001725.570, 176
Trd, 001741.240, 169
Trd, 001741.290, 160
Trd, 001741.310, 157
Trd, 001741.660, 189
Trd, 001741.830, 186
Trd, 001741.850, 189
Trd, 001742.380, 165
Trd, 001742.620, 168
Trd, 001742.840, 163
Trd, 001747.000, 177
Trd, 001747.440, 178
Trd, 001747.530, 166
Trd, 001748.380, 166
Trd, 001751.670, 168
Trd, 001752.170, 165
Trd, 001752.330, 165
Trd, 001756.380, 166
Trd, 001758.270, 163
Trd, 001771.380, 186
Trd, 001771.410, 179
Trd, 001771.450, 172
Trd, 001771.590, 187
Trd, 001771.630, 164
Trd, 001771.700, 162
Trd, 001772.440, 146
Trd, 001772.600, 151
Trd, 001772.720, 135
Trd, 001775.760, 152
Trd, 001777.340, 155
Trd, 001778.230, 156
Trd, 001782.800, 146
Trd, 001790.870, 157
Trd, 001797.350, 162
Trd, 001801.570, 152
Trd, 001801.720, 157
Trd, 001802.180, 162
Trd, 001802.300, 151
Trd, 001802.740, 162
Trd, 001804.080, 159
Trd, 001804.270, 163
Trd, 001805.240, 154
Trd, 001806.140, 158
Trd, 001807.040, 156
Trd, 001809.320, 157
Trd, 001811.270, 155
Trd, 001813.810, 153
Trd, 001831.280, 142
Trd, 001831.330, 147
Trd, 001831.390, 155
Trd, 001831.550, 138
Trd, 001831.610, 150
Trd, 001831.740, 173
Trd, 001832.000, 177
Trd, 001832.180, 153
Trd, 001832.250, 177
Trd, 001832.560, 147
Trd, 001833.610, 156
Trd, 001836.100, 167
Trd, 001841.330, 163
Trd, 001861.300, 163
Trd, 001861.360, 131
Trd, 001861.440, 144
Trd, 001861.460, 159
Trd, 001861.570, 153
Trd, 001861.700, 174
Trd, 001861.740, 173
Trd, 001862.060, 146
Trd, 001862.650, 164
Trd, 001864.390, 159
Trd, 001867.740, 165
Trd, 001872.930, 168
Trd, 001874.530, 153
Trd, 001891.750, 182
Trd, 001891.890, 164
Trd, 001892.030, 151
Trd, 001892.190, 173
Trd, 001892.200, 173
Trd, 001892.260, 165
Trd, 001892.330, 186
Trd, 001892.670, 178
Trd, 001892.780, 185
Trd, 001892.820, 161
Trd, 001894.770, 158
Trd, 001896.430, 166
Trd, 001900.230, 169
Trd, 001921.310, 179
Trd, 001921.400, 151
Trd, 001921.560, 137
Trd, 001921.750, 138
Trd, 001922.220, 143
Trd, 001922.390, 143
Trd, 001922.540, 148
Trd, 001922.560, 153
Trd, 001923.390, 144
Trd, 001923.590, 147
Trd, 001925.390, 148
Trd, 001925.950, 157
Trd, 001926.720, 162
Trd, 001927.150, 166
Trd, 001934.380, 161
Trd, 001943.700, 160
Trd, 001951.350, 137
Trd, 001951.400, 175
Trd, 001951.500, 154
Trd, 001951.520, 149
Trd, 001951.780, 156
Trd, 001952.090, 159
Trd, 001952.120, 161
Trd, 001952.410, 148
Trd, 001952.650, 157
Trd, 001952.670, 164
Trd, 001954.350, 169
Trd, 001954.400, 164
Trd, 001954.910, 171
Trd, 001956.950, 161
Trd, 001967.340, 164
Trd, 001981.520, 150
Trd, 001981.590, 150
Trd, 001981.600, 156
Trd, 001982.100, 143
Trd, 001982.180, 146
Trd, 001982.390, 145
Trd, 001982.940, 145
Trd, 001982.980, 149
Trd, 001983.800, 146
Trd, 001988.760, 159
Trd, 001992.080, 149
Trd, 001993.110, 155
Trd, 001995.080, 162
Trd, 002009.210, 158
Trd, 002011.370, 195
Trd, 002011.390, 150
Trd, 002011.570, 147
Trd, 002011.720, 178
Trd, 002011.950, 166
Trd, 002012.020, 156
Trd, 002012.330, 149
Trd, 002012.390, 180
Trd, 002012.560, 156
Trd, 002012.740, 143
Trd, 002014.430, 146
Trd, 002014.500, 153
Trd, 002015.720, 150
Trd, 002016.960, 150
Trd, 002017.760, 147
Trd, 002018.920, 163
Trd, 002024.920, 160
Trd, 002039.940, 178
Trd, 002041.520, 139
Trd, 002041.630, 139
Trd, 002041.640, 145
Trd, 002041.800, 138
Trd, 002042.030, 139
Trd, 002042.250, 143
Trd, 002042.780, 155
Trd, 002043.290, 163
Trd, 002043.300, 136
Trd, 002045.360, 150
Trd, 002053.840, 149
Trd, 002060.360, 144
Trd, 002071.380, 187
Trd, 002071.550, 144
Trd, 002071.590, 154
Trd, 002071.700, 158
Trd, 002071.710, 160
Trd, 002071.810, 173
Trd, 002071.920, 157
Trd, 002071.960, 176
Trd, 002071.970, 155
Trd, 002072.080, 156
Trd, 002072.130, 160
Trd, 002072.450, 166
Trd, 002072.790, 174
Trd, 002076.390, 156
Trd, 002098.690, 164
Trd, 002098.780, 154
Trd, 002101.500, 199
Trd, 002101.570, 187
Trd, 002101.620, 176
Trd, 002101.690, 149
Trd, 002101.860, 189
Trd, 002101.960, 141
Trd, 002102.190, 200
Trd, 002102.230, 189
Trd, 002102.300, 198
Trd, 002102.310, 140
Trd, 002102.720, 200
Trd, 002103.030, 199
Trd, 002103.310, 182
Trd, 002105.160, 167
Trd, 002105.330, 175
Trd, 002105.600, 180
Trd, 002107.070, 176
Trd, 002115.390, 152
Trd, 002130.550, 156
Trd, 002131.480, 150
Trd, 002131.510, 165
Trd, 002131.750, 159
Trd, 002131.820, 147
Trd, 002132.320, 166
Trd, 002132.560, 147
Trd, 002133.480, 151
Trd, 002134.120, 169
Trd, 002134.150, 143
Trd, 002135.490, 146
Trd, 002160.580, 164
Trd, 002161.380, 175
Trd, 002161.460, 167
Trd, 002161.670, 176
Trd, 002161.770, 136
Trd, 002161.810, 186
Trd, 002162.540, 185
Trd, 002163.400, 174
Trd, 002163.780, 157
Trd, 002163.980, 161
Trd, 002167.120, 161
Trd, 002168.120, 166
Trd, 002173.960, 167
Trd, 002180.750, 156
Trd, 002191.610, 153
Trd, 002192.040, 139
Trd, 002192.980, 140
Trd, 002193.040, 149
Trd, 002193.430, 148
Trd, 002193.480, 149
Trd, 002195.080, 151
Trd, 002196.720, 158
Trd, 002198.530, 165
Trd, 002202.630, 145
Trd, 002221.490, 146
Trd, 002221.580, 149
Trd, 002221.770, 144
Trd, 002221.800, 149
Trd, 002221.860, 158
Trd, 002222.190, 159
Trd, 002222.290, 156
Trd, 002222.960, 163
Trd, 002223.140, 145
Trd, 002224.290, 153
Trd, 002224.990, 168
Trd, 002225.650, 173
Trd, 002228.120, 161
Trd, 002228.500, 170
Trd, 002242.740, 160
Trd, 002244.930, 158
Trd, 002251.670, 165
Trd, 002251.820, 166
Trd, 002251.970, 156
Trd, 002252.190, 154
Trd, 002252.300, 169
Trd, 002252.350, 177
Trd, 002252.440, 146
Trd, 002252.950, 155
Trd, 002253.430, 158
Trd, 002253.470, 169
Trd, 002254.500, 169
Trd, 002262.910, 179
Trd, 002263.980, 164
Trd, 002281.480, 146
Trd, 002281.720, 156
Trd, 002281.890, 183
Trd, 002282.020, 183
Trd, 002282.070, 177
Trd, 002282.770, 179
Trd, 002282.900, 167
Trd, 002282.940, 164
Trd, 002283.670, 163
Trd, 002284.130, 162
Trd, 002284.540, 157
Trd, 002288.620, 162
Trd, 002289.180, 161
Trd, 002295.140, 160
Trd, 002300.650, 159
Trd, 002304.210, 156
Trd, 002304.780, 156
Trd, 002311.540, 132
Trd, 002311.610, 136
Trd, 002311.770, 183
Trd, 002312.160, 198
Trd, 002312.220, 193
Trd, 002312.300, 176
Trd, 002312.330, 175
Trd, 002312.390, 170
Trd, 002312.560, 176
Trd, 002312.620, 178
Trd, 002312.720, 164
Trd, 002313.060, 164
Trd, 002313.290, 182
Trd, 002313.360, 173
Trd, 002313.720, 180
Trd, 002314.090, 147
Trd, 002314.290, 170
Trd, 002314.480, 174
Trd, 002321.480, 183
Trd, 002330.050, 160
Trd, 002339.130, 178
Trd, 002341.460, 157
Trd, 002341.500, 182
Trd, 002341.610, 176
Trd, 002342.090, 152
Trd, 002342.260, 154
Trd, 002342.420, 147
Trd, 002342.730, 157
Trd, 002342.960, 143
Trd, 002345.630, 150
Trd, 002346.310, 159
Trd, 002347.520, 160
Trd, 002352.500, 149
Trd, 002362.300, 150
Trd, 002371.490, 151
Trd, 002371.630, 148
Trd, 002371.740, 157
Trd, 002371.900, 176
Trd, 002372.190, 165
Trd, 002372.490, 162
Trd, 002372.710, 154
Trd, 002372.940, 167
Trd, 002372.990, 169
Trd, 002373.400, 168
Trd, 002373.810, 168
Trd, 002374.310, 169
Trd, 002374.590, 163
Trd, 002374.600, 172
Trd, 002374.800, 172
Trd, 002375.230, 172
Trd, 002376.630, 162
Trd, 002381.780, 170
Trd, 002384.360, 171
Trd, 002401.520, 158
Trd, 002401.560, 173
Trd, 002401.750, 179
Trd, 002402.610, 174
Trd, 002402.680, 170
Trd, 002402.940, 160
Trd, 002403.030, 159
Trd, 002403.310, 155
Trd, 002403.500, 172
Trd, 002406.430, 163
Trd, 002423.180, 161
Trd, 002424.210, 158
Trd, 002431.600, 185
Trd, 002431.660, 179
Trd, 002431.740, 165
Trd, 002431.760, 178
Trd, 002431.960, 166
Trd, 002432.560, 163
Trd, 002432.610, 178
Trd, 002433.140, 162
Trd, 002433.350, 149
Trd, 002434.200, 146
Trd, 002434.520, 161
Trd, 002439.830, 159
Trd, 002461.670, 161
Trd, 002461.700, 155
Trd, 002461.730, 151
Trd, 002461.740, 167
Trd, 002461.880, 146
Trd, 002462.150, 165
Trd, 002462.180, 164
Trd, 002462.420, 185
Trd, 002462.600, 155
Trd, 002462.780, 154
Trd, 002462.890, 153
Trd, 002466.360, 159
Trd, 002472.720, 167
Trd, 002480.890, 169
Trd, 002489.130, 162
Trd, 002491.520, 169
Trd, 002491.710, 167
Trd, 002491.810, 169
Trd, 002492.060, 154
Trd, 002492.150, 146
Trd, 002492.170, 152
Trd, 002492.400, 148
Trd, 002492.890, 159
Trd, 002493.900, 157
Trd, 002493.920, 158
Trd, 002497.180, 157
Trd, 002498.200, 158
Trd, 002498.570, 153
Trd, 002499.590, 166
Trd, 002507.350, 163
Trd, 002507.430, 152
Trd, 002521.650, 144
Trd, 002521.780, 146
Trd, 002521.830, 144
Trd, 002522.150, 147
Trd, 002522.330, 150
Trd, 002522.630, 150
Trd, 002522.780, 159
Trd, 002522.990, 144
Trd, 002523.060, 161
Trd, 002523.310, 142
Trd, 002527.480, 162
Trd, 002528.790, 168
Trd, 002535.010, 153
Trd, 002551.530, 152
Trd, 002551.710, 139
Trd, 002551.720, 143
Trd, 002551.740, 155
Trd, 002551.930, 156
Trd, 002551.940, 154
Trd, 002551.990, 148
Trd, 002552.060, 150
Trd, 002552.150, 163
Trd, 002552.180, 163
Trd, 002552.240, 182
Trd, 002552.720, 143
Trd, 002552.930, 157
Trd, 002554.490, 161
Trd, 002557.440, 160
Trd, 002559.450, 162
Trd, 002581.630, 167
Trd, 002581.650, 165
Trd, 002581.780, 163
Trd, 002582.020, 131
Trd, 002582.060, 136
Trd, 002582.350, 140
Trd, 002582.610, 163
Trd, 002582.690, 154
Trd, 002582.980, 144
Trd, 002583.580, 164
Trd, 002583.650, 175
Trd, 002583.910, 163
Trd, 002584.080, 155
Trd, 002584.780, 161
Trd, 002590.340, 165
Trd, 002591.790, 172
Trd, 002597.570, 167
Trd, 002601.160, 162
Trd, 002604.730, 160
Trd, 002611.650, 158
Trd, 002611.680, 132
Trd, 002612.000, 137
Trd, 002612.050, 147
Trd, 002612.060, 167
Trd, 002612.870, 150
Trd, 002613.130, 146
Trd, 002613.520, 149
Trd, 002614.650, 151
Trd, 002615.400, 154
Trd, 002641.610, 170
Trd, 002641.830, 144
Trd, 002642.090, 143
Trd, 002642.150, 142
Trd, 002643.200, 148
Trd, 002643.490, 150
Trd, 002644.570, 152
Trd, 002644.710, 161
Trd, 002654.960, 146
Trd, 002671.730, 149
Trd, 002671.830, 150
Trd, 002671.990, 145
Trd, 002672.040, 156
Trd, 002672.550, 150
Trd, 002672.570, 144
Trd, 002672.650, 151
Trd, 002672.920, 158
Trd, 002672.980, 167
Trd, 002673.270, 165
Trd, 002673.510, 168
Trd, 002677.310, 159
Trd, 002684.180, 145
Trd, 002688.730, 159
Trd, 002701.610, 149
Trd, 002701.850, 148
Trd, 002701.940, 130
Trd, 002702.000, 163
Trd, 002702.320, 130
Trd, 002702.650, 167
Trd, 002702.730, 147
Trd, 002702.990, 168
Trd, 002704.480, 157
Trd, 002706.210, 157
Trd, 002709.860, 158
Trd, 002731.710, 136
Trd, 002731.800, 138
Trd, 002731.890, 147
Trd, 002732.160, 135
Trd, 002732.230, 140
Trd, 002732.820, 143
Trd, 002734.860, 142
Trd, 002752.030, 152
Trd, 002761.680, 151
Trd, 002761.730, 163
Trd, 002761.880, 145
Trd, 002762.120, 180
Trd, 002762.140, 151
Trd, 002762.160, 183
Trd, 002762.360, 158
Trd, 002762.500, 160
Trd, 002762.630, 180
Trd, 002763.030, 151
Trd, 002763.880, 168
Trd, 002765.280, 173
Trd, 002767.220, 156
Trd, 002772.420, 173
Trd, 002772.670, 174
Trd, 002776.460, 157
Trd, 002785.290, 158
Trd, 002791.620, 135
Trd, 002792.040, 178
Trd, 002792.090, 173
Trd, 002792.730, 179
Trd, 002793.150, 174
Trd, 002793.470, 173
Trd, 002793.480, 168
Trd, 002793.790, 167
Trd, 002794.040, 161
Trd, 002794.100, 159
Trd, 002794.540, 176
Trd, 002794.860, 169
Trd, 002796.720, 168
Trd, 002796.950, 168
Trd, 002796.970, 171
Trd, 002821.660, 179
Trd, 002821.810, 172
Trd, 002821.870, 161
Trd, 002822.000, 146
Trd, 002822.110, 172
Trd, 002822.910, 173
Trd, 002823.080, 167
Trd, 002823.380, 173
Trd, 002823.890, 168
Trd, 002824.100, 174
Trd, 002829.050, 173
Trd, 002829.130, 165
Trd, 002835.300, 159
Trd, 002837.820, 176
Trd, 002851.610, 166
Trd, 002851.720, 154
Trd, 002851.970, 160
Trd, 002852.100, 139
Trd, 002852.240, 144
Trd, 002852.290, 164
Trd, 002852.810, 149
Trd, 002853.230, 160
Trd, 002853.500, 146
Trd, 002853.660, 146
Trd, 002854.220, 155
Trd, 002854.830, 145
Trd, 002856.190, 163
Trd, 002867.120, 157
Trd, 002881.630, 187
Trd, 002881.700, 155
Trd, 002881.740, 182
Trd, 002881.840, 170
Trd, 002882.100, 162
Trd, 002882.110, 169
Trd, 002882.210, 178
Trd, 002882.230, 162
Trd, 002882.880, 144
Trd, 002883.380, 150
Trd, 002883.430, 142
Trd, 002884.240, 145
Trd, 002886.080, 150
Trd, 002888.860, 150
Trd, 002911.650, 149
Trd, 002911.700, 155
Trd, 002911.750, 147
Trd, 002911.840, 151
Trd, 002912.140, 151
Trd, 002912.170, 155
Trd, 002912.260, 171
Trd, 002912.430, 169
Trd, 002912.620, 171
Trd, 002912.980, 148
Trd, 002913.680, 146
Trd, 002913.970, 161
Trd, 002914.650, 158
Trd, 002917.200, 171
Trd, 002917.710, 160
Trd, 002918.970, 171
Trd, 002923.060, 174
Trd, 002929.470, 152
Trd, 002929.810, 169
Trd, 002941.930, 131
Trd, 002941.960, 140
Trd, 002942.170, 158
Trd, 002942.300, 162
Trd, 002942.340, 145
Trd, 002942.800, 156
Trd, 002943.460, 170
Trd, 002944.790, 167
Trd, 002945.640, 161
Trd, 002948.250, 161
Trd, 002950.760, 147
Trd, 002953.570, 152
Trd, 002956.040, 138
Trd, 002971.770, 138
Trd, 002971.810, 153
Trd, 002972.080, 155
Trd, 002972.220, 158
Trd, 002972.300, 144
Trd, 002972.340, 140
Trd, 002972.560, 157
Trd, 002972.710, 144
Trd, 002973.180, 160
Trd, 002973.290, 161
Trd, 002976.710, 162
Trd, 002976.890, 164
Trd, 002981.980, 158
Trd, 002997.400, 158
Trd, 003001.840, 188
Trd, 003002.140, 176
Trd, 003002.250, 187
Trd, 003002.440, 176
Trd, 003002.570, 186
Trd, 003003.180, 186
Trd, 003003.270, 179
Trd, 003003.620, 175
Trd, 003003.800, 182
Trd, 003004.340, 172
Trd, 003004.380, 173
Trd, 003006.570, 172
Trd, 003006.690, 165
Trd, 003013.140, 174
Trd, 003017.890, 164
Trd, 003024.050, 180
Trd, 003031.950, 138
Trd, 003031.980, 166
Trd, 003032.010, 167
Trd, 003032.200, 155
Trd, 003032.330, 143
Trd, 003032.410, 139
Trd, 003032.490, 167
Trd, 003032.840, 162
Trd, 003033.210, 161
Trd, 003033.300, 159
Trd, 003034.370, 154
Trd, 003034.990, 168
Trd, 003040.500, 163
Trd, 003044.360, 158
Trd, 003046.230, 163
Trd, 003061.700, 196
Trd, 003061.740, 195
Trd, 003061.820, 167
Trd, 003062.230, 156
Trd, 003062.250, 151
Trd, 003062.260, 157
Trd, 003062.670, 163
Trd, 003062.780, 171
Trd, 003062.830, 139
Trd, 003063.550, 147
Trd, 003065.200, 177
Trd, 003065.780, 178
Trd, 003067.340, 180
Trd, 003069.730, 159
Trd, 003075.830, 160
Trd, 003078.130, 164
Trd, 003083.530, 181
Trd, 003091.700, 199
Trd, 003091.860, 144
Trd, 003092.000, 145
Trd, 003092.030, 148
Trd, 003092.110, 138
Trd, 003092.930, 141
Trd, 003093.200, 154
Trd, 003093.870, 135
Trd, 003095.280, 154
Trd, 003095.460, 158
Trd, 003104.260, 160
Trd, 003110.580, 164
Trd, 003121.710, 184
Trd, 003121.760, 190
Trd, 003122.090, 178
Trd, 003122.520, 178
Trd, 003122.530, 164
Trd, 003122.870, 177
Trd, 003123.180, 162
Trd, 003123.580, 159
Trd, 003123.740, 172
Trd, 003123.890, 159
Trd, 003125.430, 175
Trd, 003128.120, 176
Trd, 003131.830, 172
Trd, 003140.360, 154
Trd, 003142.090, 153
Trd, 003151.770, 189
Trd, 003151.900, 157
Trd, 003151.930, 156
Trd, 003151.950, 158
Trd, 003152.070, 184
Trd, 003152.210, 179
Trd, 003152.230, 172
Trd, 003152.340, 162
Trd, 003152.640, 166
Trd, 003152.840, 184
Trd, 003153.080, 161
Trd, 003153.100, 152
Trd, 003153.250, 150
Trd, 003153.770, 150
Trd, 003157.000, 155
Trd, 003157.870, 174
Trd, 003171.380, 164
Trd, 003181.950, 169
Trd, 003182.050, 139
Trd, 003182.290, 160
Trd, 003182.810, 149
Trd, 003182.850, 160
Trd, 003183.070, 172
Trd, 003183.130, 176
Trd, 003183.400, 172
Trd, 003183.920, 167
Trd, 003185.320, 169
Trd, 003188.060, 167
Trd, 003202.090, 174
Trd, 003211.970, 139
Trd, 003212.210, 143
Trd, 003212.390, 168
Trd, 003212.660, 154
Trd, 003213.240, 164
Trd, 003213.270, 149
Trd, 003213.400, 135
Trd, 003213.770, 155
Trd, 003214.830, 152
Trd, 003220.270, 152
Trd, 003223.170, 148
Trd, 003226.420, 151
Trd, 003231.320, 154
Trd, 003232.070, 165
Trd, 003241.800, 151
Trd, 003242.060, 145
Trd, 003242.190, 151
Trd, 003242.280, 157
Trd, 003242.540, 156
Trd, 003242.870, 154
Trd, 003243.140, 152
Trd, 003243.570, 159
Trd, 003243.720, 164
Trd, 003243.790, 153
Trd, 003243.900, 152
Trd, 003244.680, 153
Trd, 003247.540, 151
Trd, 003249.450, 154
Trd, 003250.400, 151
Trd, 003252.180, 164
Trd, 003255.700, 149
Trd, 003271.900, 155
Trd, 003272.010, 185
Trd, 003272.210, 132
Trd, 003272.220, 142
Trd, 003272.440, 147
Trd, 003272.550, 145
Trd, 003272.650, 150
Trd, 003272.700, 155
Trd, 003272.840, 164
Trd, 003273.170, 148
Trd, 003273.210, 154
Trd, 003273.350, 159
Trd, 003274.430, 154
Trd, 003278.530, 151
Trd, 003287.130, 167
Trd, 003301.540, 161
Trd, 003301.770, 143
Trd, 003301.860, 138
Trd, 003302.030, 186
Trd, 003302.180, 180
Trd, 003302.200, 160
Trd, 003302.270, 184
Trd, 003302.340, 168
Trd, 003302.720, 178
Trd, 003303.150, 181
Trd, 003303.280, 179
Trd, 003303.750, 159
Trd, 003303.840, 157
Trd, 003307.220, 161
Trd, 003310.310, 164
Trd, 003312.450, 163
Trd, 003331.770, 145
Trd, 003331.860, 164
Trd, 003332.020, 162
Trd, 003332.040, 147
Trd, 003332.130, 147
Trd, 003332.250, 143
Trd, 003332.370, 158
Trd, 003332.560, 166
Trd, 003332.610, 160
Trd, 003332.940, 161
Trd, 003332.960, 180
Trd, 003333.070, 139
Trd, 003333.160, 154
Trd, 003333.990, 153
Trd, 003334.170, 153
Trd, 003338.090, 154
Trd, 003361.130, 162
Trd, 003361.240, 147
Trd, 003361.810, 148
Trd, 003361.970, 174
Trd, 003362.250, 172
Trd, 003362.470, 173
Trd, 003362.620, 167
Trd, 003362.800, 154
Trd, 003362.860, 159
Trd, 003364.350, 168
Trd, 003364.580, 174
Trd, 003364.860, 162
Trd, 003369.300, 165
Trd, 003370.430, 163
Trd, 003391.810, 171
Trd, 003391.840, 160
Trd, 003392.060, 143
Trd, 003392.110, 147
Trd, 003392.200, 150
Trd, 003392.450, 141
Trd, 003392.530, 148
Trd, 003393.210, 159
Trd, 003393.560, 160
Trd, 003394.570, 142
Trd, 003394.660, 162
Trd, 003396.960, 161
Trd, 003410.070, 146
Trd, 003421.800, 156
Trd, 003421.890, 155
Trd, 003422.170, 152
Trd, 003422.230, 154
Trd, 003422.430, 148
Trd, 003423.220, 130
Trd, 003423.270, 140
Trd, 003423.920, 130
Trd, 003425.290, 130
Trd, 003431.600, 147
Trd, 003442.950, 152
Trd, 003452.230, 150
Trd, 003452.300, 151
Trd, 003452.520, 153
Trd, 003452.580, 155
Trd, 003452.700, 156
Trd, 003452.920, 159
Trd, 003453.020, 156
Trd, 003453.040, 159
Trd, 003453.130, 149
Trd, 003453.580, 162
Trd, 003453.680, 146
Trd, 003453.830, 167
Trd, 003454.110, 170
Trd, 003458.130, 175
Trd, 003463.880, 164
Trd, 003467.850, 163
Trd, 003482.220, 157
Trd, 003482.230, 165
Trd, 003482.300, 153
Trd, 003482.770, 166
Trd, 003483.070, 161
Trd, 003483.580, 170
Trd, 003483.840, 153
Trd, 003483.980, 175
Trd, 003484.210, 176
Trd, 003484.430, 177
Trd, 003484.880, 174
Trd, 003485.450, 182
Trd, 003495.660, 175
Trd, 003497.560, 170
Trd, 003512.060, 169
Trd, 003512.250, 180
Trd, 003512.340, 166
Trd, 003512.530, 160
Trd, 003512.540, 159
Trd, 003513.010, 147
Trd, 003513.020, 162
Trd, 003513.530, 153
Trd, 003515.620, 146
Trd, 003515.900, 143
Trd, 003517.250, 150
Trd, 003521.750, 150
Trd, 003541.870, 195
Trd, 003541.920, 152
Trd, 003542.200, 134
Trd, 003542.250, 170
Trd, 003542.440, 144
Trd, 003542.530, 172
Trd, 003542.940, 163
Trd, 003546.720, 172
Trd, 003547.130, 174
Trd, 003549.880, 175
Trd, 003563.850, 170
Trd, 003567.660, 167
Trd, 003571.900, 147
Trd, 003571.910, 162
Trd, 003572.040, 163
Trd, 003572.140, 149
Trd, 003572.210, 141
Trd, 003572.220, 164
Trd, 003572.440, 140
Trd, 003572.590, 165
Trd, 003572.770, 173
Trd, 003572.780, 174
Trd, 003572.790, 172
Trd, 003573.960, 141
Trd, 003575.200, 156
Trd, 003576.070, 156
Trd, 003581.660, 175
Trd, 003589.260, 162
Trd, 003602.530, 135
Trd, 003602.730, 139
Trd, 003602.770, 150
Trd, 003602.950, 157
Trd, 003603.030, 157
Trd, 003603.240, 168
Trd, 003603.540, 162
Trd, 003604.420, 160
Trd, 003604.870, 155
Trd, 003605.040, 170
Trd, 003620.270, 161
Trd, 003628.350, 158
Trd, 003632.010, 137
Trd, 003632.210, 178
Trd, 003632.230, 176
Trd, 003632.380, 175
Trd, 003632.560, 193
Trd, 003632.680, 182
Trd, 003632.860, 157
Trd, 003633.260, 157
Trd, 003633.370, 152
Trd, 003634.170, 168
Trd, 003634.460, 161
Trd, 003636.340, 160
Trd, 003637.490, 153
Trd, 003639.720, 163
Trd, 003642.750, 158
Trd, 003643.230, 161
Trd, 003649.280, 166
Trd, 003662.170, 137
Trd, 003662.550, 156
Trd, 003662.610, 157
Trd, 003662.640, 159
Trd, 003662.690, 170
Trd, 003662.820, 163
Trd, 003662.900, 171
Trd, 003663.740, 170
Trd, 003664.260, 177
Trd, 003664.340, 169
Trd, 003664.940, 179
Trd, 003665.590, 172
Trd, 003683.170, 161
Trd, 003691.920, 172
Trd, 003691.970, 134
Trd, 003692.040, 145
Trd, 003692.210, 156
Trd, 003692.250, 151
Trd, 003692.280, 159
Trd, 003692.380, 136
Trd, 003692.570, 147
Trd, 003692.580, 149
Trd, 003693.850, 157
Trd, 003694.000, 150
Trd, 003696.320, 149
Trd, 003697.830, 150
Trd, 003711.400, 163
Trd, 003722.060, 144
Trd, 003722.110, 132
Trd, 003722.270, 139
Trd, 003722.360, 139
Trd, 003722.550, 137
Trd, 003722.640, 145
Trd, 003722.730, 134
Trd, 003723.200, 133
Trd, 003723.440, 141
Trd, 003723.700, 143
Trd, 003723.860, 147
Trd, 003724.080, 155
Trd, 003725.280, 139
Trd, 003727.510, 148
Trd, 003751.840, 174
Trd, 003752.030, 190
Trd, 003752.080, 157
Trd, 003752.100, 199
Trd, 003752.190, 173
Trd, 003752.270, 167
Trd, 003752.310, 164
Trd, 003752.360, 194
Trd, 003752.460, 151
Trd, 003752.970, 145
Trd, 003753.910, 153
Trd, 003754.080, 176
Trd, 003756.020, 163
Trd, 003757.740, 172
Trd, 003757.990, 175
Trd, 003781.970, 194
Trd, 003782.020, 171
Trd, 003782.290, 134
Trd, 003782.690, 149
Trd, 003782.930, 146
Trd, 003782.980, 150
Trd, 003783.190, 154
Trd, 003783.800, 150
Trd, 003784.540, 156
Trd, 003784.750, 159
Trd, 003785.860, 155
Trd, 003810.570, 153
Trd, 003811.960, 190
Trd, 003812.290, 139
Trd, 003812.430, 146
Trd, 003812.710, 150
Trd, 003812.800, 136
Trd, 003813.070, 158
Trd, 003813.130, 168
Trd, 003813.160, 135
Trd, 003813.390, 169
Trd, 003813.750, 149
Trd, 003814.220, 172
Trd, 003820.650, 160
Trd, 003825.790, 151
Trd, 003842.340, 140
Trd, 003842.470, 141
Trd, 003842.520, 152
Trd, 003842.530, 151
Trd, 003842.660, 154
Trd, 003842.700, 156
Trd, 003843.290, 149
Trd, 003843.470, 155
Trd, 003843.740, 161
Trd, 003844.340, 148
Trd, 003844.560, 154
Trd, 003845.140, 144
Trd, 003849.530, 155
Trd, 003871.960, 158
Trd, 003872.100, 134
Trd, 003872.370, 138
Trd, 003872.520, 147
Trd, 003872.610, 177
Trd, 003872.820, 146
Trd, 003872.840, 178
Trd, 003873.650, 152
Trd, 003874.200, 156
Trd, 003874.290, 169
Trd, 003875.180, 168
Trd, 003879.230, 148
Trd, 003880.970, 171
Trd, 003901.950, 163
Trd, 003902.040, 192
Trd, 003902.060, 161
Trd, 003902.660, 159
Trd, 003904.610, 165
Trd, 003906.380, 162
Trd, 003912.120, 172
Trd, 003916.950, 161
Trd, 003919.790, 170
Trd, 003928.080, 144
Trd, 003928.100, 144
Trd, 003932.020, 179
Trd, 003932.110, 133
Trd, 003932.120, 165
Trd, 003932.140, 138
Trd, 003932.220, 171
Trd, 003932.520, 163
Trd, 003932.700, 172
Trd, 003933.400, 168
Trd, 003933.820, 164
Trd, 003934.110, 164
Trd, 003934.130, 162
Trd, 003935.560, 160
Trd, 003938.750, 162
Trd, 003944.720, 147
Trd, 003945.920, 138
Trd, 003961.970, 165
Trd, 003962.150, 154
Trd, 003962.340, 155
Trd, 003962.900, 156
Trd, 003962.960, 137
Trd, 003963.040, 158
Trd, 003963.080, 165
Trd, 003963.270, 139
Trd, 003963.510, 167
Trd, 003963.590, 142
Trd, 003964.880, 162
Trd, 003965.470, 158
Trd, 003966.540, 139
Trd, 003967.930, 159
Trd, 003972.730, 162
Trd, 003992.080, 134
Trd, 003992.180, 136
Trd, 003992.330, 134
Trd, 003992.660, 142
Trd, 003992.890, 144
Trd, 003992.920, 149
Trd, 003993.430, 153
Trd, 003993.590, 156
Trd, 003994.350, 152
Trd, 003995.090, 141
Trd, 003995.420, 153
Trd, 003995.960, 159
Trd, 004001.220, 157
Trd, 004001.670, 157
Trd, 004002.510, 155
Trd, 004005.310, 159
Trd, 004005.480, 159
Trd, 004008.180, 160
Trd, 004021.990, 142
Trd, 004022.090, 155
Trd, 004022.100, 168
Trd, 004022.160, 148
Trd, 004022.460, 138
Trd, 004022.560, 139
Trd, 004022.640, 150
Trd, 004022.710, 160
Trd, 004023.090, 157
Trd, 004023.520, 153
Trd, 004023.550, 144
Trd, 004023.990, 153
Trd, 004025.730, 152
Trd, 004026.080, 154
Trd, 004026.380, 155
Trd, 004027.840, 140
Trd, 004035.730, 152
Trd, 004046.460, 157
Trd, 004047.360, 157
Trd, 004052.140, 171
Trd, 004052.230, 174
Trd, 004052.270, 167
Trd, 004052.400, 170
Trd, 004052.410, 171
Trd, 004052.430, 174
Trd, 004052.480, 164
Trd, 004052.750, 149
Trd, 004052.960, 160
Trd, 004053.060, 169
Trd, 004053.380, 146
Trd, 004053.390, 145
Trd, 004053.660, 155
Trd, 004055.780, 151
Trd, 004056.450, 150
Trd, 004056.890, 151
Trd, 004057.030, 160
Trd, 004063.580, 166
Trd, 004082.160, 144
Trd, 004082.190, 168
Trd, 004082.240, 173
Trd, 004082.300, 153
Trd, 004082.570, 153
Trd, 004082.940, 156
Trd, 004083.060, 158
Trd, 004083.190, 152
Trd, 004083.330, 150
Trd, 004083.520, 152
Trd, 004083.670, 146
Trd, 004083.890, 155
Trd, 004085.720, 158
Trd, 004086.390, 160
Trd, 004086.430, 152
Trd, 004088.520, 161
Trd, 004089.130, 161
Trd, 004091.310, 162
Trd, 004102.950, 143
Trd, 004112.360, 168
Trd, 004112.450, 157
Trd, 004112.580, 162
Trd, 004112.680, 154
Trd, 004112.700, 145
Trd, 004112.890, 141
Trd, 004112.970, 153
Trd, 004113.400, 153
Trd, 004113.770, 156
Trd, 004114.080, 153
Trd, 004114.090, 155
Trd, 004114.550, 158
Trd, 004115.080, 167
Trd, 004115.740, 165
Trd, 004117.060, 167
Trd, 004120.110, 169
Trd, 004142.150, 141
Trd, 004142.460, 158
Trd, 004142.490, 159
Trd, 004142.570, 160
Trd, 004142.720, 154
Trd, 004142.780, 162
Trd, 004142.970, 165
Trd, 004143.100, 159
Trd, 004143.140, 151
Trd, 004143.430, 162
Trd, 004144.040, 154
Trd, 004144.530, 165
Trd, 004144.820, 151
Trd, 004146.360, 162
Trd, 004150.050, 168
Trd, 004172.140, 190
Trd, 004172.160, 178
Trd, 004172.300, 156
Trd, 004172.580, 154
Trd, 004172.690, 155
Trd, 004172.850, 162
Trd, 004173.080, 162
Trd, 004173.300, 144
Trd, 004173.800, 145
Trd, 004174.630, 157
Trd, 004175.310, 160
Trd, 004175.940, 164
Trd, 004176.270, 161
Trd, 004176.560, 164
Trd, 004181.670, 168
Trd, 004182.670, 166
Trd, 004202.210, 164
Trd, 004202.290, 144
Trd, 004202.520, 142
Trd, 004202.530, 148
Trd, 004202.720, 146
Trd, 004202.950, 148
Trd, 004202.960, 162
Trd, 004203.110, 168
Trd, 004203.320, 160
Trd, 004203.580, 154
Trd, 004203.800, 149
Trd, 004203.910, 152
Trd, 004204.160, 147
Trd, 004204.640, 154
Trd, 004205.160, 160
Trd, 004205.510, 150
Trd, 004206.080, 147
Trd, 004209.520, 171
Trd, 004211.630, 171
Trd, 004212.470, 172
Trd, 004215.480, 146
Trd, 004232.190, 166
Trd, 004232.200, 183
Trd, 004232.220, 153
Trd, 004232.260, 173
Trd, 004232.540, 166
Trd, 004232.590, 167
Trd, 004232.680, 167
Trd, 004233.330, 157
Trd, 004233.550, 152
Trd, 004233.590, 161
Trd, 004233.640, 164
Trd, 004233.870, 151
Trd, 004234.800, 167
Trd, 004236.480, 164
Trd, 004239.020, 142
Trd, 004240.580, 169
Trd, 004242.460, 169
Trd, 004249.780, 152
Trd, 004261.360, 153
Trd, 004262.140, 143
Trd, 004262.160, 144
Trd, 004262.340, 164
Trd, 004262.520, 152
Trd, 004263.000, 152
Trd, 004263.160, 149
Trd, 004263.270, 146
Trd, 004263.390, 141
Trd, 004263.450, 160
Trd, 004263.930, 151
Trd, 004265.120, 154
Trd, 004265.930, 154
Trd, 004272.250, 163
Trd, 004277.560, 147
Trd, 004292.140, 169
Trd, 004292.170, 171
Trd, 004292.340, 173
Trd, 004292.390, 181
Trd, 004292.540, 157
Trd, 004292.710, 154
Trd, 004292.810, 177
Trd, 004293.320, 172
Trd, 004293.330, 168
Trd, 004293.450, 163
Trd, 004293.500, 161
Trd, 004293.670, 169
Trd, 004293.780, 161
Trd, 004294.190, 161
Trd, 004295.050, 160
Trd, 004295.230, 160
Trd, 004298.800, 162
Trd, 004299.560, 161
Trd, 004301.310, 162
Trd, 004307.780, 150
Trd, 004322.400, 146
Trd, 004322.420, 149
Trd, 004322.570, 143
Trd, 004322.720, 154
Trd, 004323.060, 146
Trd, 004323.370, 146
Trd, 004323.430, 151
Trd, 004323.550, 148
Trd, 004323.580, 151
Trd, 004323.950, 165
Trd, 004324.670, 167
Trd, 004325.330, 161
Trd, 004325.930, 165
Trd, 004333.310, 169
Trd, 004333.500, 169
Trd, 004337.290, 156
Trd, 004352.140, 163
Trd, 004352.310, 172
Trd, 004352.480, 156
Trd, 004352.880, 137
Trd, 004352.900, 140
Trd, 004353.290, 149
Trd, 004353.320, 148
Trd, 004353.340, 146
Trd, 004353.760, 131
Trd, 004354.460, 134
Trd, 004354.590, 130
Trd, 004354.730, 154
Trd, 004361.150, 153
Trd, 004364.990, 155
Trd, 004373.300, 155
Trd, 004380.620, 157
Trd, 004382.140, 161
Trd, 004382.190, 184
Trd, 004382.200, 183
Trd, 004382.240, 154
Trd, 004382.310, 135
Trd, 004382.570, 144
Trd, 004382.620, 148
Trd, 004382.650, 165
Trd, 004382.770, 142
Trd, 004382.950, 149
Trd, 004383.080, 149
Trd, 004383.230, 153
Trd, 004383.290, 157
Trd, 004383.600, 155
Trd, 004383.950, 152
Trd, 004383.970, 164
Trd, 004384.050, 164
Trd, 004384.080, 168
Trd, 004384.730, 161
Trd, 004385.230, 162
Trd, 004385.400, 165
Trd, 004385.800, 157
Trd, 004389.170, 170
Trd, 004394.520, 153
Trd, 004412.150, 197
Trd, 004412.280, 177
Trd, 004412.290, 176
Trd, 004412.330, 176
Trd, 004412.350, 167
Trd, 004412.420, 180
Trd, 004412.440, 147
Trd, 004412.490, 142
Trd, 004412.600, 170
Trd, 004412.660, 187
Trd, 004412.700, 168
Trd, 004412.750, 152
Trd, 004413.020, 159
Trd, 004413.080, 170
Trd, 004413.100, 174
Trd, 004413.530, 153
Trd, 004414.480, 157
Trd, 004414.610, 160
Trd, 004414.900, 159
Trd, 004416.680, 152
Trd, 004417.120, 153
Trd, 004417.520, 163
Trd, 004424.480, 149
Trd, 004442.190, 187
Trd, 004442.290, 146
Trd, 004442.330, 151
Trd, 004442.570, 144
Trd, 004442.580, 141
Trd, 004442.930, 134
Trd, 004442.960, 141
Trd, 004443.030, 145
Trd, 004443.090, 150
Trd, 004443.130, 155
Trd, 004443.210, 142
Trd, 004443.350, 147
Trd, 004443.510, 144
Trd, 004443.620, 149
Trd, 004443.770, 141
Trd, 004443.920, 153
Trd, 004444.260, 151
Trd, 004444.300, 154
Trd, 004444.490, 152
Trd, 004447.520, 155
Trd, 004449.500, 157
Trd, 004459.680, 155
Trd, 004460.480, 160
Trd, 004472.300, 189
Trd, 004472.360, 187
Trd, 004472.600, 163
Trd, 004472.690, 173
Trd, 004472.780, 169
Trd, 004472.900, 164
Trd, 004472.910, 167
Trd, 004472.940, 156
Trd, 004473.080, 157
Trd, 004473.900, 157
Trd, 004475.450, 158
Trd, 004476.130, 159
Trd, 004480.700, 158
Trd, 004481.470, 156
Trd, 004497.320, 160
Trd, 004502.170, 176
Trd, 004502.380, 176
Trd, 004502.760, 175
Trd, 004502.800, 170
Trd, 004502.900, 160
Trd, 004503.120, 158
Trd, 004503.440, 154
Trd, 004503.490, 152
Trd, 004503.590, 153
Trd, 004503.760, 150
Trd, 004504.190, 153
Trd, 004505.540, 151
Trd, 004506.720, 156
Trd, 004516.260, 144
Trd, 004532.160, 153
Trd, 004532.370, 187
Trd, 004532.420, 185
Trd, 004532.470, 174
Trd, 004532.500, 177
Trd, 004532.940, 168
Trd, 004533.030, 158
Trd, 004533.110, 163
Trd, 004533.280, 163
Trd, 004533.640, 158
Trd, 004533.740, 158
Trd, 004533.940, 154
Trd, 004534.140, 159
Trd, 004534.900, 163
Trd, 004534.970, 152
Trd, 004535.600, 164
Trd, 004537.030, 153
Trd, 004538.380, 160
Trd, 004562.200, 158
Trd, 004562.460, 177
Trd, 004562.510, 169
Trd, 004562.520, 175
Trd, 004562.580, 181
Trd, 004562.640, 164
Trd, 004562.750, 170
Trd, 004562.820, 176
Trd, 004562.880, 180
Trd, 004562.960, 171
Trd, 004563.030, 158
Trd, 004563.200, 159
Trd, 004563.250, 163
Trd, 004563.830, 158
Trd, 004564.080, 160
Trd, 004564.320, 162
Trd, 004564.570, 154
Trd, 004568.240, 159
Trd, 004569.840, 155
Trd, 004570.090, 157
Trd, 004586.240, 160
Trd, 004592.230, 146
Trd, 004592.300, 172
Trd, 004592.370, 160
Trd, 004592.470, 168
Trd, 004592.540, 155
Trd, 004592.650, 163
Trd, 004592.900, 155
Trd, 004593.060, 155
Trd, 004593.520, 155
Trd, 004593.530, 161
Trd, 004593.920, 162
Trd, 004593.940, 163
Trd, 004594.000, 164
Trd, 004594.020, 159
Trd, 004594.820, 162
Trd, 004595.510, 156
Trd, 004596.430, 159
Trd, 004597.590, 162
Trd, 004600.080, 156
Trd, 004622.240, 144
Trd, 004622.380, 136
Trd, 004622.510, 158
Trd, 004622.630, 156
Trd, 004622.640, 160
Trd, 004622.780, 155
Trd, 004622.950, 149
Trd, 004623.030, 146
Trd, 004623.050, 162
Trd, 004623.150, 146
Trd, 004623.190, 152
Trd, 004623.560, 148
Trd, 004623.590, 142
Trd, 004624.580, 143
Trd, 004625.090, 144
Trd, 004628.390, 145
Trd, 004631.010, 156
Trd, 004641.040, 161
Trd, 004651.920, 152
Trd, 004652.270, 148
Trd, 004652.310, 134
Trd, 004652.430, 149
Trd, 004652.470, 155
Trd, 004652.480, 149
Trd, 004652.620, 164
Trd, 004652.700, 149
Trd, 004653.050, 155
Trd, 004653.080, 155
Trd, 004653.260, 149
Trd, 004653.910, 151
Trd, 004654.330, 152
Trd, 004654.500, 154
Trd, 004655.110, 155
Trd, 004658.130, 145
Trd, 004661.900, 156
Trd, 004662.480, 156
Trd, 004663.750, 142
Trd, 004667.180, 162
Trd, 004682.550, 150
Trd, 004682.770, 156
Trd, 004683.030, 146
Trd, 004683.120, 157
Trd, 004683.180, 159
Trd, 004683.330, 156
Trd, 004683.390, 162
Trd, 004684.220, 152
Trd, 004684.250, 146
Trd, 004684.590, 149
Trd, 004685.470, 148
Trd, 004687.120, 156
Trd, 004688.140, 160
Trd, 004688.510, 146
Trd, 004690.270, 145
Trd, 004712.220, 133
Trd, 004712.600, 145
Trd, 004712.780, 152
Trd, 004712.890, 161
Trd, 004713.170, 163
Trd, 004713.340, 162
Trd, 004713.490, 170
Trd, 004713.550, 151
Trd, 004714.110, 164
Trd, 004714.450, 164
Trd, 004716.370, 163
Trd, 004716.590, 157
Trd, 004717.130, 149
Trd, 004718.180, 155
Trd, 004721.460, 155
Trd, 004742.350, 134
Trd, 004742.450, 142
Trd, 004742.650, 146
Trd, 004742.770, 147
Trd, 004742.830, 153
Trd, 004743.050, 144
Trd, 004743.200, 143
Trd, 004743.380, 172
Trd, 004743.520, 171
Trd, 004743.720, 170
Trd, 004743.880, 154
Trd, 004744.010, 152
Trd, 004744.180, 173
Trd, 004744.850, 157
Trd, 004745.510, 163
Trd, 004746.380, 153
Trd, 004748.540, 153
Trd, 004751.530, 154
Trd, 004752.450, 150
Trd, 004772.360, 155
Trd, 004772.420, 166
Trd, 004772.520, 171
Trd, 004772.730, 164
Trd, 004772.740, 174
Trd, 004772.840, 176
Trd, 004772.850, 158
Trd, 004773.080, 169
Trd, 004773.330, 163
Trd, 004773.390, 158
Trd, 004773.600, 169
Trd, 004774.050, 163
Trd, 004774.300, 158
Trd, 004774.750, 164
Trd, 004774.760, 165
Trd, 004774.950, 156
Trd, 004776.620, 156
Trd, 004777.290, 161
Trd, 004780.670, 164
Trd, 004802.300, 149
Trd, 004802.510, 170
Trd, 004802.830, 167
Trd, 004802.960, 167
Trd, 004803.030, 164
Trd, 004803.220, 164
Trd, 004803.330, 164
Trd, 004803.830, 158
Trd, 004803.980, 158
Trd, 004804.910, 161
Trd, 004805.060, 157
Trd, 004820.090, 154
Trd, 004823.400, 155
Trd, 004826.200, 149
Trd, 004832.260, 192
Trd, 004832.300, 182
Trd, 004832.450, 157
Trd, 004832.500, 142
Trd, 004832.750, 146
Trd, 004832.870, 155
Trd, 004832.960, 159
Trd, 004833.060, 161
Trd, 004833.070, 148
Trd, 004833.200, 158
Trd, 004833.820, 139
Trd, 004834.200, 155
Trd, 004834.250, 157
Trd, 004834.350, 165
Trd, 004834.520, 159
Trd, 004834.940, 158
Trd, 004835.440, 166
Trd, 004847.010, 167
Trd, 004853.690, 161
Trd, 004862.310, 156
Trd, 004862.440, 169
Trd, 004862.700, 148
Trd, 004862.730, 156
Trd, 004862.830, 144
Trd, 004863.000, 142
Trd, 004863.020, 159
Trd, 004863.120, 139
Trd, 004863.440, 158
Trd, 004863.480, 161
Trd, 004863.620, 154
Trd, 004863.750, 138
Trd, 004864.060, 153
Trd, 004864.540, 153
Trd, 004864.960, 148
Trd, 004864.990, 155
Trd, 004865.120, 169
Trd, 004866.570, 162
Trd, 004869.300, 172
Trd, 004892.650, 171
Trd, 004892.670, 168
Trd, 004892.830, 167
Trd, 004892.960, 165
Trd, 004893.060, 162
Trd, 004893.180, 159
Trd, 004893.270, 148
Trd, 004893.420, 147
Trd, 004893.450, 146
Trd, 004893.600, 148
Trd, 004893.790, 157
Trd, 004894.400, 146
Trd, 004894.640, 140
Trd, 004895.100, 157
Trd, 004902.670, 149
Trd, 004908.020, 148
Trd, 004922.540, 158
Trd, 004922.700, 176
Trd, 004922.890, 158
Trd, 004922.900, 151
Trd, 004923.010, 162
Trd, 004923.140, 138
Trd, 004923.160, 155
Trd, 004923.460, 169
Trd, 004923.590, 158
Trd, 004923.760, 161
Trd, 004923.930, 151
Trd, 004924.180, 149
Trd, 004924.230, 142
Trd, 004924.280, 161
Trd, 004924.430, 175
Trd, 004924.740, 157
Trd, 004924.900, 178
Trd, 004925.310, 170
Trd, 004929.000, 176
Trd, 004952.330, 164
Trd, 004952.520, 147
Trd, 004952.530, 166
Trd, 004952.540, 145
Trd, 004952.700, 153
Trd, 004952.800, 151
Trd, 004952.840, 152
Trd, 004952.920, 151
Trd, 004953.080, 154
Trd, 004953.200, 150
Trd, 004953.640, 154
Trd, 004954.670, 150
Trd, 004955.010, 150
Trd, 004956.600, 147
Trd, 004970.390, 151
Trd, 004982.390, 149
Trd, 004982.430, 142
Trd, 004982.450, 155
Trd, 004982.570, 142
Trd, 004983.060, 166
Trd, 004983.140, 167
Trd, 004983.370, 165
Trd, 004983.420, 167
Trd, 004983.430, 170
Trd, 004983.440, 162
Trd, 004983.620, 145
Trd, 004983.900, 157
Trd, 004984.040, 162
Trd, 004984.100, 160
Trd, 004984.570, 164
Trd, 004985.590, 145
Trd, 004985.610, 144
Trd, 004987.030, 162
