Trd, 000030.190, 152.0
Trd, 000030.470, 155.0
Trd, 000030.500, 155
Trd, 000030.810, 149
Trd, 000031.000, 141.0
Trd, 000031.410, 160
Trd, 000031.590, 162.0
Trd, 000033.030, 163.0
Trd, 000033.760, 160
Trd, 000033.920, 162
Trd, 000049.480, 145
Trd, 000060.260, 158
Trd, 000060.500, 162.0
Trd, 000060.580, 148
Trd, 000060.790, 167.0
Trd, 000062.710, 148
Trd, 000063.290, 150.0
Trd, 000063.870, 149
Trd, 000065.050, 146
Trd, 000067.300, 152
Trd, 000072.040, 156.0
Trd, 000088.620, 156
Trd, 000090.420, 158
Trd, 000090.740, 157
Trd, 000091.460, 148
Trd, 000092.320, 149
Trd, 000092.780, 151.0
Trd, 000092.890, 156
Trd, 000094.120, 156.0
Trd, 000094.180, 156
Trd, 000095.340, 159
Trd, 000099.330, 162.0
Trd, 000109.160, 153
Trd, 000120.200, 172.0
Trd, 000120.500, 152
Trd, 000120.570, 142.0
Trd, 000120.600, 140.0
Trd, 000120.990, 154
Trd, 000121.160, 150.0
Trd, 000121.270, 162.0
Trd, 000121.860, 146
Trd, 000125.480, 155.0
Trd, 000126.240, 155
Trd, 000128.200, 160
Trd, 000150.370, 163.0
Trd, 000150.420, 158
Trd, 000150.750, 164.0
Trd, 000150.960, 159
Trd, 000151.210, 162.0
Trd, 000151.540, 158
Trd, 000151.770, 145
Trd, 000152.800, 155
Trd, 000161.410, 155.0
Trd, 000176.600, 156
Trd, 000177.190, 150
Trd, 000180.510, 150
Trd, 000180.530, 151.0
Trd, 000180.660, 159
Trd, 000180.920, 156.0
Trd, 000181.280, 158
Trd, 000181.450, 162.0
Trd, 000181.600, 149
Trd, 000182.470, 164
Trd, 000190.290, 153
Trd, 000192.820, 154
Trd, 000195.390, 163.0
Trd, 000210.230, 150.0
Trd, 000210.340, 132.0
Trd, 000210.940, 170.0
Trd, 000210.950, 159
Trd, 000211.270, 161.0
Trd, 000211.440, 163.0
Trd, 000211.660, 170
Trd, 000212.220, 157
Trd, 000213.430, 164.0
Trd, 000214.830, 144
Trd, 000218.030, 156
Trd, 000223.510, 159
Trd, 000224.000, 148
Trd, 000240.240, 132
Trd, 000240.440, 130.0
Trd, 000240.620, 151.0
Trd, 000241.340, 150
Trd, 000242.390, 151
Trd, 000244.300, 153
Trd, 000250.110, 154.0
Trd, 000250.710, 157
Trd, 000258.000, 147
Trd, 000267.390, 155
Trd, 000270.230, 158
Trd, 000270.420, 154.0
Trd, 000270.680, 148
Trd, 000270.710, 159
Trd, 000270.870, 151
Trd, 000274.120, 150.0
Trd, 000274.130, 154
Trd, 000274.340, 155
Trd, 000279.270, 160
Trd, 000298.310, 161.0
Trd, 000300.490, 161
Trd, 000300.630, 160
Trd, 000301.170, 153
Trd, 000302.280, 148
Trd, 000302.670, 154
Trd, 000303.000, 146
Trd, 000303.220, 155.0
Trd, 000303.810, 156
Trd, 000303.830, 157
Trd, 000304.340, 160.0
Trd, 000308.330, 148
Trd, 000330.230, 131.0
Trd, 000330.290, 165.0
Trd, 000330.970, 154.0
Trd, 000331.220, 160
Trd, 000331.750, 153
Trd, 000332.070, 144.0
Trd, 000332.860, 154
Trd, 000333.110, 155
Trd, 000336.510, 151
Trd, 000340.340, 160
Trd, 000344.400, 162.0
Trd, 000360.250, 141.0
Trd, 000360.680, 171.0
Trd, 000360.710, 165.0
Trd, 000361.220, 165.0
Trd, 000361.600, 165
Trd, 000361.810, 154
Trd, 000361.950, 161
Trd, 000362.980, 152
Trd, 000364.150, 156
Trd, 000368.580, 157
Trd, 000370.420, 158
Trd, 000390.440, 152.0
Trd, 000390.480, 160
Trd, 000390.550, 151
Trd, 000390.940, 146
Trd, 000391.140, 154.0
Trd, 000391.270, 157
Trd, 000391.680, 158
Trd, 000393.900, 158
Trd, 000403.030, 157
Trd, 000409.410, 151
Trd, 000409.870, 153
Trd, 000420.770, 155.0
Trd, 000420.990, 152
Trd, 000421.490, 151.0
Trd, 000421.720, 150
Trd, 000422.070, 153
Trd, 000422.230, 154
Trd, 000423.310, 153
Trd, 000423.550, 157
Trd, 000428.200, 157
Trd, 000428.870, 162.0
Trd, 000429.640, 164.0
Trd, 000434.050, 149
Trd, 000450.310, 131.0
Trd, 000450.350, 131.0
Trd, 000450.500, 151.0
Trd, 000451.010, 160.0
Trd, 000451.380, 155
Trd, 000452.580, 164.0
Trd, 000454.190, 168.0
Trd, 000456.670, 170
Trd, 000459.740, 155
Trd, 000460.570, 174
Trd, 000478.580, 151
Trd, 000480.320, 193.0
Trd, 000480.790, 152.0
Trd, 000480.930, 163.0
Trd, 000481.370, 169.0
Trd, 000481.490, 170
Trd, 000482.030, 154.0
Trd, 000482.510, 158
Trd, 000489.830, 159
Trd, 000491.310, 159
Trd, 000505.490, 152
Trd, 000510.660, 155.0
Trd, 000510.690, 165.0
Trd, 000510.730, 152
Trd, 000511.170, 153
Trd, 000511.410, 150.0
Trd, 000511.420, 161.0
Trd, 000512.670, 160
Trd, 000515.820, 159
Trd, 000518.280, 160
Trd, 000523.390, 152
Trd, 000525.380, 144
Trd, 000540.860, 148
Trd, 000540.880, 150
Trd, 000541.300, 151.0
Trd, 000541.330, 152
Trd, 000541.690, 157
Trd, 000541.870, 157
Trd, 000542.380, 142.0
Trd, 000544.530, 155.0
Trd, 000545.880, 159
Trd, 000547.000, 162.0
Trd, 000566.010, 165.0
Trd, 000566.070, 153
Trd, 000570.670, 132.0
Trd, 000570.940, 155
Trd, 000571.020, 159
Trd, 000571.050, 150
Trd, 000571.510, 150.0
Trd, 000571.630, 155.0
Trd, 000572.470, 157
Trd, 000572.650, 160
Trd, 000580.920, 154
Trd, 000585.240, 160.0
Trd, 000586.790, 151
Trd, 000595.830, 163.0
Trd, 000600.580, 132.0
Trd, 000600.640, 155
Trd, 000600.700, 162.0
Trd, 000601.200, 156
Trd, 000601.220, 162
Trd, 000601.640, 151.0
Trd, 000603.130, 155
Trd, 000607.490, 156.0
Trd, 000611.690, 158
Trd, 000611.980, 158
Trd, 000629.750, 150
Trd, 000630.560, 159
Trd, 000630.640, 154
Trd, 000630.920, 137
Trd, 000630.970, 156
Trd, 000631.180, 156.0
Trd, 000631.430, 159
Trd, 000631.890, 150
Trd, 000635.510, 160
Trd, 000636.690, 160.0
Trd, 000650.020, 158
Trd, 000658.640, 165.0
Trd, 000660.930, 172.0
Trd, 000661.240, 156
Trd, 000661.260, 166
Trd, 000661.380, 152.0
Trd, 000661.860, 155
Trd, 000662.040, 155.0
Trd, 000662.260, 157
Trd, 000662.840, 144
Trd, 000663.080, 160.0
Trd, 000667.940, 160
Trd, 000690.520, 170.0
Trd, 000690.720, 143
Trd, 000691.680, 148
Trd, 000691.830, 152.0
Trd, 000691.860, 153
Trd, 000693.020, 143.0
Trd, 000694.650, 153
Trd, 000697.000, 155.0
Trd, 000699.120, 145
Trd, 000705.310, 156
Trd, 000707.360, 145
Trd, 000720.710, 162
Trd, 000720.780, 167
Trd, 000720.850, 171.0
Trd, 000721.430, 143.0
Trd, 000721.870, 142.0
Trd, 000722.330, 151.0
Trd, 000722.400, 162.0
Trd, 000722.490, 156
Trd, 000726.520, 158
Trd, 000727.600, 159
Trd, 000736.120, 153
Trd, 000742.770, 164.0
Trd, 000750.710, 144.0
Trd, 000750.860, 152.0
Trd, 000751.080, 157
Trd, 000751.120, 158
Trd, 000751.280, 158
Trd, 000751.770, 153
Trd, 000751.960, 159
Trd, 000754.700, 154.0
Trd, 000755.860, 159
Trd, 000756.000, 162.0
Trd, 000767.330, 152
Trd, 000767.920, 154
Trd, 000780.670, 194
Trd, 000780.970, 164.0
Trd, 000781.020, 146
Trd, 000781.490, 167
Trd, 000782.800, 159
Trd, 000782.890, 159
Trd, 000783.550, 161
Trd, 000783.840, 153
Trd, 000788.390, 152
Trd, 000789.410, 153
Trd, 000789.560, 158
Trd, 000810.710, 158
Trd, 000810.830, 144
Trd, 000810.910, 154
Trd, 000811.210, 158
Trd, 000811.420, 156
Trd, 000811.770, 162
Trd, 000811.970, 154
Trd, 000815.040, 153
Trd, 000823.800, 154.0
Trd, 000834.320, 157
Trd, 000840.770, 154
Trd, 000841.010, 156
Trd, 000841.120, 157
Trd, 000841.200, 161
Trd, 000841.430, 151.0
Trd, 000842.590, 157
Trd, 000843.060, 161.0
Trd, 000843.360, 164.0
Trd, 000845.830, 151
Trd, 000853.440, 160
Trd, 000870.960, 155
Trd, 000870.980, 156.0
Trd, 000871.020, 160.0
Trd, 000871.210, 160
Trd, 000871.310, 151
Trd, 000871.820, 159
Trd, 000872.030, 154
Trd, 000872.230, 152
Trd, 000876.820, 156
Trd, 000877.350, 162
Trd, 000894.340, 144
Trd, 000900.700, 152.0
Trd, 000900.740, 156
Trd, 000900.920, 194.0
Trd, 000901.170, 150
Trd, 000901.270, 171.0
Trd, 000901.330, 159
Trd, 000901.410, 140.0
Trd, 000902.360, 154
Trd, 000905.180, 157
Trd, 000907.630, 157
Trd, 000909.720, 157
Trd, 000912.190, 162
Trd, 000931.020, 132.0
Trd, 000931.150, 146
Trd, 000931.870, 150.0
Trd, 000932.010, 143
Trd, 000932.230, 153
Trd, 000932.240, 155
Trd, 000937.380, 149
Trd, 000941.850, 155.0
Trd, 000941.900, 156
Trd, 000943.400, 148
Trd, 000960.710, 158
Trd, 000961.130, 155
Trd, 000961.260, 148
Trd, 000961.470, 147
Trd, 000961.910, 158
Trd, 000962.300, 152.0
Trd, 000963.120, 154.0
Trd, 000963.280, 159
Trd, 000963.530, 161.0
Trd, 000969.320, 153
Trd, 000983.970, 163.0
Trd, 000990.670, 195.0
Trd, 000990.920, 172
Trd, 000990.980, 170.0
Trd, 000991.210, 163.0
Trd, 000991.610, 168
Trd, 000991.710, 160
Trd, 000992.260, 162.0
Trd, 000993.800, 160
Trd, 000994.320, 157
Trd, 000995.330, 162
Trd, 000997.920, 160
Trd, 001020.980, 152.0
Trd, 001021.220, 155
Trd, 001021.530, 170
Trd, 001021.660, 155
Trd, 001021.720, 155.0
Trd, 001021.740, 145
Trd, 001021.980, 164
Trd, 001022.120, 161.0
Trd, 001023.610, 156
Trd, 001026.410, 158
Trd, 001039.470, 149
Trd, 001049.760, 159
Trd, 001050.720, 165.0
Trd, 001051.170, 132.0
Trd, 001051.340, 164
Trd, 001051.360, 145
Trd, 001052.570, 154.0
Trd, 001053.120, 153
Trd, 001054.200, 158
Trd, 001054.310, 160.0
Trd, 001055.330, 153
Trd, 001056.800, 158
Trd, 001058.680, 160
Trd, 001073.450, 156
Trd, 001076.180, 152
Trd, 001080.690, 181
Trd, 001081.040, 153
Trd, 001081.050, 153
Trd, 001081.660, 155
Trd, 001081.850, 155.0
Trd, 001083.100, 153
Trd, 001083.190, 154
Trd, 001084.800, 157
Trd, 001085.700, 157
Trd, 001087.090, 160
Trd, 001089.210, 145
Trd, 001089.960, 161.0
Trd, 001110.950, 179.0
Trd, 001110.990, 171.0
Trd, 001111.000, 148
Trd, 001111.240, 152.0
Trd, 001111.890, 153
Trd, 001112.770, 152
Trd, 001114.230, 154
Trd, 001115.650, 153
Trd, 001118.120, 154.0
Trd, 001118.410, 144
Trd, 001119.840, 143.0
Trd, 001122.350, 156
Trd, 001132.920, 160
Trd, 001134.190, 142.0
Trd, 001140.880, 162.0
Trd, 001141.410, 148
Trd, 001141.770, 150.0
Trd, 001141.820, 151
Trd, 001142.770, 144
Trd, 001143.250, 149
Trd, 001143.360, 152
Trd, 001143.730, 155
Trd, 001149.850, 156.0
Trd, 001154.300, 157
Trd, 001171.210, 168.0
Trd, 001171.650, 155.0
Trd, 001172.130, 155
Trd, 001172.530, 152
Trd, 001172.630, 148
Trd, 001172.670, 155
Trd, 001175.390, 143.0
Trd, 001177.820, 152.0
Trd, 001180.870, 142.0
Trd, 001183.260, 154
Trd, 001185.550, 157
Trd, 001200.800, 160.0
Trd, 001200.810, 167.0
Trd, 001201.000, 147
Trd, 001201.100, 144
Trd, 001202.140, 151.0
Trd, 001202.340, 154
Trd, 001203.110, 156.0
Trd, 001203.350, 157
Trd, 001204.960, 156
Trd, 001205.350, 149
Trd, 001207.730, 153
Trd, 001231.080, 165.0
Trd, 001231.160, 142.0
Trd, 001231.280, 130.0
Trd, 001231.550, 151
Trd, 001232.210, 151.0
Trd, 001232.540, 152
Trd, 001233.390, 151
Trd, 001233.440, 154.0
Trd, 001238.250, 156
Trd, 001238.650, 153
Trd, 001246.420, 150
Trd, 001261.300, 150.0
Trd, 001261.450, 155.0
Trd, 001261.610, 149
Trd, 001261.790, 158
Trd, 001261.840, 146
Trd, 001261.930, 159
Trd, 001262.920, 160
Trd, 001263.350, 157
Trd, 001264.510, 157
Trd, 001268.040, 160.0
Trd, 001290.950, 151
Trd, 001291.010, 156
Trd, 001291.140, 145
Trd, 001291.350, 154
Trd, 001291.430, 161.0
Trd, 001291.590, 144.0
Trd, 001292.110, 152.0
Trd, 001292.130, 155
Trd, 001292.930, 156.0
Trd, 001296.280, 157
Trd, 001308.980, 162
Trd, 001320.950, 171.0
Trd, 001321.060, 165.0
Trd, 001321.150, 156
Trd, 001321.600, 155
Trd, 001321.940, 154
Trd, 001322.430, 154.0
Trd, 001322.760, 156
Trd, 001325.030, 157
Trd, 001325.840, 151.0
Trd, 001328.710, 161
Trd, 001350.960, 146
Trd, 001350.970, 158
Trd, 001351.130, 150.0
Trd, 001351.220, 144.0
Trd, 001351.660, 151
Trd, 001351.890, 153
Trd, 001352.200, 149
Trd, 001354.700, 153
Trd, 001355.940, 150
Trd, 001356.460, 154.0
Trd, 001361.080, 161
Trd, 001361.530, 161.0
Trd, 001380.980, 151.0
Trd, 001381.270, 133.0
Trd, 001381.480, 149
Trd, 001381.820, 145
Trd, 001381.840, 154.0
Trd, 001382.680, 155
Trd, 001383.490, 147
Trd, 001384.690, 153
Trd, 001388.990, 152
Trd, 001393.940, 153
Trd, 001396.070, 157
Trd, 001410.990, 153
Trd, 001411.180, 154.0
Trd, 001411.330, 161
Trd, 001411.820, 159
Trd, 001412.020, 148
Trd, 001413.130, 147
Trd, 001413.990, 156
Trd, 001418.020, 151.0
Trd, 001420.810, 147
Trd, 001428.580, 157
Trd, 001440.490, 156.0
Trd, 001440.680, 156.0
Trd, 001440.850, 158.0
Trd, 001440.970, 162.0
Trd, 001441.080, 170
Trd, 001441.150, 154.0
Trd, 001441.190, 155
Trd, 001441.910, 150.0
Trd, 001442.030, 149
Trd, 001442.110, 150.0
Trd, 001442.320, 150.0
Trd, 001442.380, 150.0
Trd, 001442.530, 152.0
Trd, 001442.840, 153
Trd, 001443.290, 152.0
Trd, 001443.540, 152.0
Trd, 001444.790, 149
Trd, 001449.560, 148
Trd, 001462.670, 156
Trd, 001471.030, 152
Trd, 001471.210, 154
Trd, 001471.270, 154
Trd, 001471.280, 155
Trd, 001471.320, 158
Trd, 001471.430, 160
Trd, 001471.590, 151
Trd, 001471.690, 157
Trd, 001472.430, 156.0
Trd, 001472.890, 151
Trd, 001473.100, 157
Trd, 001473.800, 150
Trd, 001474.170, 151
Trd, 001476.120, 157
Trd, 001478.340, 160.0
Trd, 001481.060, 161.0
Trd, 001501.260, 138
Trd, 001501.410, 138
Trd, 001501.540, 151
Trd, 001501.590, 153
Trd, 001501.790, 154
Trd, 001501.880, 154
Trd, 001501.980, 153
Trd, 001502.050, 156
Trd, 001502.300, 152.0
Trd, 001503.070, 155.0
Trd, 001503.490, 153
Trd, 001503.600, 154
Trd, 001505.290, 157
Trd, 001507.320, 159.0
Trd, 001507.670, 159
Trd, 001520.210, 162.0
Trd, 001531.070, 162.0
Trd, 001531.110, 156
Trd, 001531.420, 162
Trd, 001531.480, 159
Trd, 001531.490, 163
Trd, 001531.660, 157.0
Trd, 001531.740, 160.0
Trd, 001532.200, 160.0
Trd, 001532.250, 157
Trd, 001533.040, 155
Trd, 001533.180, 153
Trd, 001533.380, 154.0
Trd, 001533.740, 153.0
Trd, 001534.130, 156
Trd, 001535.070, 145
Trd, 001535.610, 153
Trd, 001546.990, 154
Trd, 001561.350, 148
Trd, 001561.390, 150.0
Trd, 001561.560, 155.0
Trd, 001561.900, 151
Trd, 001561.990, 149
Trd, 001562.050, 152
Trd, 001562.090, 155
Trd, 001562.120, 149
Trd, 001562.630, 154
Trd, 001563.510, 158
Trd, 001564.080, 157
Trd, 001564.360, 158
Trd, 001564.540, 153
Trd, 001565.860, 150
Trd, 001566.150, 160.0
Trd, 001570.110, 161
Trd, 001576.430, 162.0
Trd, 001585.330, 145
Trd, 001591.160, 131.0
Trd, 001591.240, 148.0
Trd, 001591.360, 152.0
Trd, 001591.540, 152
Trd, 001591.680, 152
Trd, 001591.700, 156.0
Trd, 001592.250, 152
Trd, 001592.580, 156.0
Trd, 001592.820, 152
Trd, 001593.310, 156
Trd, 001593.480, 160.0
Trd, 001593.620, 160
Trd, 001593.880, 152.0
Trd, 001595.230, 157
Trd, 001595.920, 159.0
Trd, 001596.040, 160
Trd, 001612.400, 163.0
Trd, 001621.260, 150.0
Trd, 001621.340, 152
Trd, 001621.570, 150.0
Trd, 001621.830, 154.0
Trd, 001621.910, 155.0
Trd, 001621.940, 161.0
Trd, 001622.190, 157
Trd, 001622.250, 158
Trd, 001622.340, 165.0
Trd, 001622.740, 164.0
Trd, 001623.390, 157.0
Trd, 001623.550, 161
Trd, 001623.920, 162.0
Trd, 001624.660, 156
Trd, 001625.150, 154.0
Trd, 001638.530, 161
Trd, 001651.190, 155
Trd, 001651.350, 172.0
Trd, 001651.380, 154.0
Trd, 001651.420, 165.0
Trd, 001651.690, 159
Trd, 001651.900, 154
Trd, 001651.920, 160
Trd, 001652.300, 159
Trd, 001652.550, 154.0
Trd, 001652.690, 148.0
Trd, 001653.070, 145
Trd, 001653.230, 142.0
Trd, 001653.510, 154.0
Trd, 001653.940, 154
Trd, 001654.550, 155.0
Trd, 001656.690, 156
Trd, 001658.480, 160.0
Trd, 001660.860, 160.0
Trd, 001681.170, 152.0
Trd, 001681.270, 153
Trd, 001681.320, 157.0
Trd, 001681.350, 151
Trd, 001681.430, 165.0
Trd, 001681.540, 152
Trd, 001681.810, 156
Trd, 001682.040, 159
Trd, 001682.240, 152
Trd, 001682.480, 144
Trd, 001683.130, 148.0
Trd, 001683.940, 154
Trd, 001684.310, 152.0
Trd, 001684.510, 156.0
Trd, 001686.730, 156
Trd, 001689.280, 158
Trd, 001693.190, 161.0
Trd, 001711.140, 157
Trd, 001711.210, 132.0
Trd, 001711.460, 137.0
Trd, 001711.480, 142.0
Trd, 001711.800, 144.0
Trd, 001711.940, 142.0
Trd, 001711.970, 150
Trd, 001712.090, 141.0
Trd, 001712.540, 152.0
Trd, 001712.550, 144
Trd, 001713.090, 156
Trd, 001713.260, 159.0
Trd, 001713.440, 157
Trd, 001714.090, 162.0
Trd, 001716.820, 155.0
Trd, 001728.970, 155
Trd, 001732.020, 157
Trd, 001741.220, 154.0
Trd, 001741.270, 152
Trd, 001741.450, 155
Trd, 001741.550, 141
Trd, 001741.590, 153
Trd, 001741.760, 141
Trd, 001741.880, 156
Trd, 001742.170, 146
Trd, 001742.290, 150.0
Trd, 001742.370, 145.0
Trd, 001742.600, 144.0
Trd, 001742.890, 159.0
Trd, 001743.840, 153
Trd, 001743.900, 144
Trd, 001745.350, 160.0
Trd, 001745.950, 159
Trd, 001755.040, 164.0
Trd, 001757.950, 168.0
Trd, 001771.230, 163.0
Trd, 001771.290, 178
Trd, 001771.360, 151
Trd, 001771.560, 160
Trd, 001771.580, 169.0
Trd, 001771.600, 158
Trd, 001771.760, 158
Trd, 001771.850, 144
Trd, 001771.980, 131
Trd, 001772.100, 138.0
Trd, 001772.970, 143.0
Trd, 001773.180, 156
Trd, 001774.150, 156
Trd, 001774.160, 158
Trd, 001774.560, 154
Trd, 001776.210, 160.0
Trd, 001787.840, 153.0
Trd, 001793.920, 161.0
