Trd, 000030.110, 151
Trd, 000030.370, 132.0
Trd, 000031.060, 144
Trd, 000031.190, 144
Trd, 000031.210, 145.0
Trd, 000031.340, 144
Trd, 000031.450, 152.0
Trd, 000031.690, 158.0
Trd, 000031.710, 161.0
Trd, 000031.760, 136.0
Trd, 000031.780, 147.0
Trd, 000033.240, 165
Trd, 000034.800, 151.0
Trd, 000055.720, 155
Trd, 000060.220, 163
Trd, 000060.330, 159
Trd, 000060.440, 159
Trd, 000060.550, 161.0
Trd, 000060.570, 161
Trd, 000060.910, 159
Trd, 000061.190, 164.0
Trd, 000061.330, 175
Trd, 000061.590, 162
Trd, 000061.730, 169
Trd, 000061.770, 171
Trd, 000063.610, 151.0
Trd, 000090.140, 161
Trd, 000090.360, 189.0
Trd, 000090.410, 187.0
Trd, 000090.420, 184.0
Trd, 000091.080, 175
Trd, 000091.250, 174
Trd, 000091.260, 178.0
Trd, 000091.310, 172
Trd, 000092.530, 164
Trd, 000093.510, 163
Trd, 000115.250, 151.0
Trd, 000120.190, 171
Trd, 000120.370, 178
Trd, 000120.480, 177.0
Trd, 000120.580, 163
Trd, 000121.090, 161.0
Trd, 000121.120, 175
Trd, 000121.220, 163
Trd, 000121.370, 176
Trd, 000121.610, 161
Trd, 000122.050, 166
Trd, 000122.280, 151.0
Trd, 000128.660, 163
Trd, 000130.800, 156
Trd, 000144.550, 146
Trd, 000150.180, 149
Trd, 000150.370, 132.0
Trd, 000150.590, 158.0
Trd, 000150.920, 149
Trd, 000150.940, 152.0
Trd, 000151.360, 161.0
Trd, 000152.240, 151.0
Trd, 000152.840, 173
Trd, 000157.240, 159
Trd, 000165.600, 160
Trd, 000170.100, 160
Trd, 000178.790, 168
Trd, 000180.250, 159
Trd, 000180.260, 162
Trd, 000180.380, 159
Trd, 000180.490, 147
Trd, 000180.510, 171
Trd, 000180.610, 147.0
Trd, 000180.730, 158.0
Trd, 000181.000, 154
Trd, 000181.080, 161.0
Trd, 000182.620, 158
Trd, 000188.360, 156
Trd, 000198.590, 158
Trd, 000210.150, 152.0
Trd, 000210.170, 155
Trd, 000210.210, 132.0
Trd, 000210.440, 177.0
Trd, 000210.490, 181
Trd, 000210.530, 183
Trd, 000210.650, 164
Trd, 000212.160, 158.0
Trd, 000212.330, 167
Trd, 000225.380, 161.0
Trd, 000233.120, 156
Trd, 000240.590, 132.0
Trd, 000240.650, 145.0
Trd, 000240.800, 145
Trd, 000240.980, 146
Trd, 000241.020, 147.0
Trd, 000241.160, 152.0
Trd, 000242.040, 151
Trd, 000242.150, 158.0
Trd, 000244.080, 161.0
Trd, 000246.060, 151
Trd, 000254.770, 158
Trd, 000258.270, 156
Trd, 000264.420, 154
Trd, 000270.290, 159
Trd, 000270.350, 158.0
Trd, 000270.400, 153
Trd, 000270.430, 144
Trd, 000270.620, 151.0
Trd, 000270.920, 164.0
Trd, 000270.940, 155
Trd, 000271.760, 170
Trd, 000272.030, 171
Trd, 000272.140, 157
Trd, 000272.150, 175
Trd, 000275.200, 158
Trd, 000278.930, 157
Trd, 000300.470, 156
Trd, 000300.530, 155
Trd, 000300.600, 155
Trd, 000300.610, 172
Trd, 000300.680, 158.0
Trd, 000301.160, 172
Trd, 000301.370, 151.0
Trd, 000301.530, 161.0
Trd, 000301.780, 158
Trd, 000302.210, 150
Trd, 000302.280, 152.0
Trd, 000325.630, 154
Trd, 000330.870, 155
Trd, 000330.990, 147.0
Trd, 000331.050, 152
Trd, 000331.250, 158.0
Trd, 000331.810, 155
Trd, 000331.900, 157
Trd, 000332.000, 161.0
Trd, 000332.080, 151.0
Trd, 000334.320, 164.0
Trd, 000334.410, 153
Trd, 000334.820, 170
Trd, 000348.470, 146
Trd, 000360.310, 132.0
Trd, 000360.400, 171
Trd, 000360.640, 152
Trd, 000360.650, 161.0
Trd, 000360.780, 172
Trd, 000361.100, 178
Trd, 000361.400, 187.0
Trd, 000361.520, 164.0
Trd, 000362.510, 166
Trd, 000362.800, 166
Trd, 000370.150, 165
Trd, 000383.930, 154
Trd, 000386.420, 154
Trd, 000390.620, 151.0
Trd, 000390.640, 141
Trd, 000390.650, 155
Trd, 000390.690, 155
Trd, 000390.880, 161.0
Trd, 000391.070, 158
Trd, 000391.370, 170
Trd, 000391.390, 152
Trd, 000392.540, 159
Trd, 000393.250, 158
Trd, 000393.860, 171
Trd, 000400.410, 165
Trd, 000408.000, 159
Trd, 000408.170, 159
Trd, 000420.270, 167
Trd, 000420.300, 164.0
Trd, 000420.460, 157
Trd, 000420.490, 168
Trd, 000420.600, 178.0
Trd, 000420.860, 158.0
Trd, 000420.940, 157
Trd, 000421.390, 152.0
Trd, 000423.050, 153
Trd, 000428.080, 159
Trd, 000428.250, 160
Trd, 000450.280, 155
Trd, 000450.390, 159
Trd, 000450.600, 158.0
Trd, 000450.630, 154
Trd, 000450.660, 152.0
Trd, 000451.110, 150
Trd, 000451.400, 160
Trd, 000451.730, 149
Trd, 000452.900, 152
Trd, 000454.190, 152
Trd, 000455.930, 161.0
Trd, 000463.740, 157
Trd, 000480.290, 158
Trd, 000480.410, 184.0
Trd, 000480.430, 164.0
Trd, 000480.600, 157
Trd, 000480.780, 151.0
Trd, 000480.850, 161.0
Trd, 000480.860, 177
Trd, 000481.360, 171
Trd, 000481.800, 160
Trd, 000482.040, 169
Trd, 000482.110, 160
Trd, 000486.230, 147
Trd, 000498.820, 154
Trd, 000510.400, 161.0
Trd, 000510.460, 173
Trd, 000510.470, 160
Trd, 000510.490, 187.0
Trd, 000510.550, 159
Trd, 000510.740, 187.0
Trd, 000510.860, 157
Trd, 000511.430, 164.0
Trd, 000511.520, 165
Trd, 000511.900, 157
Trd, 000513.190, 151.0
Trd, 000521.110, 163
Trd, 000530.620, 156
Trd, 000535.850, 167
Trd, 000540.370, 164.0
Trd, 000540.630, 147.0
Trd, 000540.680, 152
Trd, 000540.870, 153
Trd, 000541.110, 158.0
Trd, 000541.420, 155
Trd, 000541.870, 174
Trd, 000542.710, 154
Trd, 000543.150, 174
Trd, 000543.550, 154
Trd, 000546.040, 154
Trd, 000547.520, 152
Trd, 000553.590, 151.0
Trd, 000570.560, 176
Trd, 000570.620, 152.0
Trd, 000570.720, 151.0
Trd, 000571.170, 150
Trd, 000571.230, 161.0
Trd, 000571.400, 149
Trd, 000571.730, 147.0
Trd, 000572.120, 153
Trd, 000573.040, 155
Trd, 000574.530, 148
Trd, 000577.230, 151
Trd, 000600.600, 152
Trd, 000600.610, 161.0
Trd, 000600.670, 176
Trd, 000600.840, 152.0
Trd, 000601.050, 160
Trd, 000601.060, 151
Trd, 000601.710, 158.0
Trd, 000601.980, 159
Trd, 000602.470, 151
Trd, 000610.480, 159
Trd, 000614.740, 160
Trd, 000619.000, 151.0
Trd, 000630.610, 152.0
Trd, 000631.000, 157
Trd, 000631.030, 156
Trd, 000631.070, 164.0
Trd, 000631.250, 176
Trd, 000631.900, 165
Trd, 000632.600, 158.0
Trd, 000632.950, 162
Trd, 000633.060, 157
Trd, 000634.080, 159
Trd, 000638.190, 155
Trd, 000641.170, 151.0
Trd, 000645.160, 155
Trd, 000660.630, 164.0
Trd, 000660.850, 177.0
Trd, 000660.960, 187.0
Trd, 000661.050, 166
Trd, 000661.090, 184.0
Trd, 000661.250, 166
Trd, 000661.370, 171
Trd, 000661.510, 151.0
Trd, 000661.540, 181
Trd, 000661.550, 182
Trd, 000662.620, 152
Trd, 000663.860, 154
Trd, 000666.610, 154
Trd, 000690.480, 189.0
Trd, 000690.610, 147.0
Trd, 000690.760, 152.0
Trd, 000690.990, 158.0
Trd, 000691.020, 161.0
Trd, 000691.350, 152
Trd, 000692.440, 154
Trd, 000692.750, 175
Trd, 000710.890, 160
Trd, 000711.880, 159
Trd, 000716.170, 158
Trd, 000716.690, 159
Trd, 000719.760, 151.0
Trd, 000720.480, 182
Trd, 000720.520, 158.0
Trd, 000720.660, 152
Trd, 000720.750, 161.0
Trd, 000721.060, 151.0
Trd, 000721.370, 152
Trd, 000721.680, 147.0
Trd, 000722.010, 152
Trd, 000723.090, 153
Trd, 000723.120, 153
Trd, 000723.450, 168
Trd, 000731.740, 152
Trd, 000744.690, 159
Trd, 000750.540, 132.0
Trd, 000750.640, 187.0
Trd, 000750.810, 178.0
Trd, 000751.020, 177.0
Trd, 000751.040, 163
Trd, 000751.200, 165
Trd, 000751.350, 165
Trd, 000751.650, 165
Trd, 000751.880, 178
Trd, 000752.440, 177
Trd, 000753.330, 164.0
Trd, 000755.450, 158.0
Trd, 000757.640, 159
Trd, 000768.940, 160
Trd, 000772.770, 151.0
Trd, 000780.670, 162
Trd, 000780.850, 158
Trd, 000780.990, 161.0
Trd, 000781.120, 157
Trd, 000781.300, 155
Trd, 000781.350, 151.0
Trd, 000781.550, 168
Trd, 000781.590, 173
Trd, 000782.060, 170
Trd, 000782.470, 164.0
Trd, 000783.540, 161
Trd, 000785.950, 160
Trd, 000786.730, 147
Trd, 000790.920, 159
Trd, 000810.610, 145.0
Trd, 000810.720, 153
Trd, 000810.960, 148
Trd, 000810.980, 143
Trd, 000811.220, 147.0
Trd, 000811.310, 150
Trd, 000811.320, 151
Trd, 000812.180, 152.0
Trd, 000812.660, 158.0
Trd, 000813.110, 161.0
Trd, 000824.880, 157
Trd, 000830.270, 158
Trd, 000840.580, 184.0
Trd, 000840.600, 158
Trd, 000840.830, 173
Trd, 000841.050, 151
Trd, 000841.590, 145.0
Trd, 000841.840, 146
Trd, 000841.920, 158.0
Trd, 000842.110, 161.0
Trd, 000842.870, 173
Trd, 000843.320, 166
Trd, 000844.730, 153
Trd, 000846.840, 153
Trd, 000855.300, 165
Trd, 000867.090, 163
Trd, 000870.550, 145.0
Trd, 000870.650, 189.0
Trd, 000870.710, 164.0
Trd, 000870.830, 181.0
Trd, 000871.060, 151.0
Trd, 000871.320, 161.0
Trd, 000872.170, 148
Trd, 000872.580, 146
Trd, 000873.480, 158.0
Trd, 000874.310, 152.0
Trd, 000879.360, 154
Trd, 000890.210, 147
Trd, 000893.140, 154
Trd, 000900.780, 181.0
Trd, 000901.180, 152.0
Trd, 000901.280, 157
Trd, 000901.320, 151
Trd, 000901.800, 155
Trd, 000902.110, 156
Trd, 000902.600, 152
Trd, 000903.040, 155
Trd, 000903.170, 153
Trd, 000918.180, 153
Trd, 000923.080, 157
Trd, 000930.930, 159
Trd, 000930.950, 155
Trd, 000930.990, 161.0
Trd, 000931.000, 171
Trd, 000931.330, 169
Trd, 000931.390, 170
Trd, 000931.460, 153
Trd, 000931.550, 152
Trd, 000931.790, 158.0
Trd, 000931.950, 150
Trd, 000932.800, 165
Trd, 000933.130, 151.0
Trd, 000946.160, 152
Trd, 000949.270, 147
Trd, 000959.160, 152
Trd, 000960.770, 181.0
Trd, 000960.780, 183
Trd, 000960.910, 175
Trd, 000961.080, 154
Trd, 000961.180, 172
Trd, 000961.350, 151.0
Trd, 000961.570, 161.0
Trd, 000961.740, 152
Trd, 000962.070, 147
Trd, 000962.690, 147.0
Trd, 000962.980, 152.0
Trd, 000963.360, 158.0
Trd, 000980.270, 158
Trd, 000980.980, 146
Trd, 000990.770, 145.0
Trd, 000990.830, 178.0
Trd, 000990.880, 181.0
Trd, 000991.010, 154
Trd, 000991.230, 170
Trd, 000991.530, 158.0
Trd, 000991.610, 165
Trd, 000992.350, 156
Trd, 000994.280, 155
Trd, 000995.000, 154
Trd, 000996.880, 161.0
Trd, 000997.350, 151.0
Trd, 000999.910, 157
Trd, 001020.650, 153
Trd, 001021.170, 158
Trd, 001021.620, 158.0
Trd, 001021.630, 171
Trd, 001021.710, 153
Trd, 001021.890, 152
Trd, 001021.970, 163
Trd, 001022.440, 151.0
Trd, 001022.650, 161.0
Trd, 001022.900, 172
Trd, 001026.020, 154
Trd, 001032.290, 158
Trd, 001035.550, 153
Trd, 001050.720, 200.0
Trd, 001050.870, 184
Trd, 001050.960, 184
Trd, 001050.980, 177.0
Trd, 001051.240, 156
Trd, 001051.500, 158.0
Trd, 001051.630, 153
Trd, 001051.680, 151.0
Trd, 001051.750, 161
Trd, 001051.760, 167
Trd, 001053.870, 152.0
Trd, 001057.050, 153
Trd, 001061.660, 161.0
Trd, 001063.710, 146
Trd, 001080.710, 177.0
Trd, 001080.920, 145
Trd, 001081.160, 132.0
Trd, 001081.190, 145.0
Trd, 001081.510, 145
Trd, 001081.850, 152.0
Trd, 001081.860, 158.0
Trd, 001081.920, 151.0
Trd, 001089.820, 157
Trd, 001092.060, 151
Trd, 001094.830, 154
Trd, 001110.930, 171
Trd, 001111.640, 161.0
Trd, 001111.730, 161
Trd, 001111.790, 162
Trd, 001111.990, 153
Trd, 001112.270, 153
Trd, 001112.620, 152
Trd, 001113.510, 158.0
Trd, 001113.680, 155
Trd, 001114.180, 171
Trd, 001114.660, 165
Trd, 001118.600, 154
Trd, 001137.090, 158
Trd, 001140.740, 181.0
Trd, 001140.800, 145.0
Trd, 001140.960, 178.0
Trd, 001140.980, 177.0
Trd, 001141.050, 160
Trd, 001141.350, 158
Trd, 001141.490, 158.0
Trd, 001141.550, 167
Trd, 001141.830, 147.0
Trd, 001142.180, 152
Trd, 001142.330, 152
Trd, 001143.240, 161.0
Trd, 001148.720, 151.0
Trd, 001170.790, 154
Trd, 001170.870, 147.0
Trd, 001171.070, 153
Trd, 001171.150, 151.0
Trd, 001171.450, 154
Trd, 001171.760, 175
Trd, 001172.440, 152.0
Trd, 001172.790, 158.0
Trd, 001174.670, 151
Trd, 001183.120, 161.0
Trd, 001187.470, 157
Trd, 001193.150, 155
Trd, 001198.370, 156
Trd, 001200.960, 155
Trd, 001201.200, 154
Trd, 001201.270, 145.0
Trd, 001201.590, 149
Trd, 001201.840, 132.0
Trd, 001202.050, 149
Trd, 001202.130, 158.0
Trd, 001202.150, 161
Trd, 001202.450, 161.0
Trd, 001203.520, 151.0
Trd, 001204.040, 175
Trd, 001230.880, 152.0
Trd, 001230.910, 160
Trd, 001230.940, 164.0
Trd, 001231.080, 178.0
Trd, 001231.540, 169
Trd, 001231.570, 171
Trd, 001231.690, 163
Trd, 001231.740, 152
Trd, 001232.200, 161
Trd, 001232.420, 170
Trd, 001232.920, 158
Trd, 001233.340, 172
Trd, 001233.470, 151.0
Trd, 001248.040, 146
Trd, 001253.030, 148
Trd, 001260.890, 152
Trd, 001261.020, 177.0
Trd, 001261.150, 164.0
Trd, 001261.230, 174
Trd, 001261.290, 178.0
Trd, 001261.350, 151.0
Trd, 001261.570, 178
Trd, 001261.980, 145.0
Trd, 001262.410, 136.0
Trd, 001263.030, 146
Trd, 001263.150, 147
Trd, 001263.960, 152.0
Trd, 001264.450, 158.0
Trd, 001291.000, 157
Trd, 001291.080, 141
Trd, 001291.380, 158.0
Trd, 001291.450, 161.0
Trd, 001291.620, 162
Trd, 001291.770, 170
Trd, 001292.110, 159
Trd, 001292.290, 155
Trd, 001293.030, 155
Trd, 001293.150, 161
Trd, 001294.300, 163
Trd, 001308.100, 163
Trd, 001317.500, 159
Trd, 001320.960, 200.0
Trd, 001320.990, 160
Trd, 001321.110, 132
Trd, 001321.550, 176
Trd, 001321.730, 162
Trd, 001321.780, 169
Trd, 001322.170, 159
Trd, 001322.190, 172
Trd, 001322.880, 164.0
Trd, 001322.900, 173
Trd, 001323.390, 162
Trd, 001329.050, 156
Trd, 001336.190, 152
Trd, 001337.140, 151.0
Trd, 001350.910, 158.0
Trd, 001351.060, 155
Trd, 001351.120, 156
Trd, 001351.210, 145.0
Trd, 001351.280, 172
Trd, 001351.340, 164.0
Trd, 001351.730, 177
Trd, 001351.980, 146
Trd, 001353.220, 168
Trd, 001353.460, 153
Trd, 001353.690, 172
Trd, 001354.580, 173
Trd, 001360.820, 157
Trd, 001372.200, 159
Trd, 001381.170, 151.0
Trd, 001381.210, 156
Trd, 001381.220, 161.0
Trd, 001381.430, 155
Trd, 001381.470, 160
Trd, 001381.710, 170
Trd, 001381.810, 171
Trd, 001382.280, 154
Trd, 001382.840, 169
Trd, 001383.770, 153
Trd, 001384.990, 158.0
Trd, 001396.800, 156
Trd, 001399.750, 155
Trd, 001406.280, 147
Trd, 001411.020, 187.0
Trd, 001411.350, 158.0
Trd, 001412.110, 161
Trd, 001412.240, 161
Trd, 001412.250, 155
Trd, 001412.360, 171
Trd, 001412.740, 171
Trd, 001413.420, 172
Trd, 001413.730, 168
Trd, 001421.590, 164
Trd, 001421.960, 164
Trd, 001427.030, 164.0
Trd, 001441.120, 164.0
Trd, 001441.260, 145.0
Trd, 001441.270, 170
Trd, 001441.370, 138
Trd, 001443.060, 152.0
Trd, 001443.260, 151.0
Trd, 001443.280, 156
Trd, 001443.540, 149
Trd, 001443.970, 154
Trd, 001448.720, 151
Trd, 001451.190, 149
Trd, 001455.400, 158.0
Trd, 001471.030, 157
Trd, 001471.120, 158.0
Trd, 001471.250, 157
Trd, 001471.300, 171
Trd, 001471.560, 166
Trd, 001471.820, 158
Trd, 001471.980, 161.0
Trd, 001472.260, 175
Trd, 001472.670, 158
Trd, 001473.460, 164
Trd, 001473.480, 170
Trd, 001480.800, 160
Trd, 001492.500, 155
Trd, 001495.350, 151.0
Trd, 001501.000, 151.0
Trd, 001501.160, 151
Trd, 001501.170, 170
Trd, 001501.250, 174
Trd, 001501.290, 175
Trd, 001501.430, 164.0
Trd, 001501.700, 178.0
Trd, 001501.880, 155
Trd, 001502.030, 181.0
Trd, 001514.580, 158.0
Trd, 001515.030, 158
Trd, 001526.970, 157
Trd, 001531.020, 164.0
Trd, 001531.230, 148
Trd, 001531.340, 150
Trd, 001531.610, 161
Trd, 001531.740, 151.0
Trd, 001531.960, 136.0
Trd, 001532.760, 152.0
Trd, 001532.890, 161.0
Trd, 001536.770, 147
Trd, 001538.570, 158.0
Trd, 001541.190, 170
Trd, 001551.440, 156
Trd, 001556.840, 159
Trd, 001561.040, 158.0
Trd, 001561.050, 168
Trd, 001561.190, 184.0
Trd, 001561.220, 181
Trd, 001561.400, 189.0
Trd, 001561.440, 181.0
Trd, 001561.560, 188
Trd, 001561.880, 159
Trd, 001562.000, 159
Trd, 001564.120, 164
Trd, 001565.700, 164
Trd, 001569.200, 162
Trd, 001570.950, 162
Trd, 001591.130, 164.0
Trd, 001591.250, 173
Trd, 001591.350, 178.0
Trd, 001591.370, 160
Trd, 001591.410, 151.0
Trd, 001591.520, 181.0
Trd, 001591.800, 145.0
Trd, 001592.660, 147.0
Trd, 001595.110, 148
Trd, 001595.360, 148
Trd, 001598.950, 151
Trd, 001615.010, 152
Trd, 001621.410, 147
Trd, 001621.470, 150
Trd, 001621.530, 152.0
Trd, 001621.730, 149
Trd, 001621.950, 154
Trd, 001622.040, 158.0
Trd, 001622.140, 148
Trd, 001623.170, 156
Trd, 001624.390, 161.0
Trd, 001625.750, 153
Trd, 001641.490, 170
Trd, 001642.090, 156
Trd, 001645.940, 158
Trd, 001648.910, 151.0
Trd, 001651.150, 161.0
Trd, 001651.400, 159
Trd, 001651.420, 178.0
Trd, 001651.450, 158
Trd, 001651.600, 179
Trd, 001651.630, 177.0
Trd, 001651.790, 165
Trd, 001651.880, 181.0
Trd, 001652.210, 167
Trd, 001654.840, 166
Trd, 001681.140, 161.0
Trd, 001681.350, 178.0
Trd, 001681.480, 187.0
Trd, 001681.530, 177.0
Trd, 001681.790, 168
Trd, 001682.200, 164.0
Trd, 001682.270, 181.0
Trd, 001682.300, 160
Trd, 001682.710, 163
Trd, 001683.020, 158
Trd, 001683.230, 161
Trd, 001683.620, 151.0
Trd, 001694.190, 158
Trd, 001697.330, 159
Trd, 001697.990, 157
Trd, 001711.140, 184.0
Trd, 001711.360, 132.0
Trd, 001711.390, 144
Trd, 001711.900, 145.0
Trd, 001712.010, 151
Trd, 001712.070, 150
Trd, 001712.110, 174
Trd, 001712.610, 158.0
Trd, 001713.670, 164
Trd, 001714.290, 164.0
Trd, 001724.850, 164
Trd, 001739.190, 161
Trd, 001741.200, 162
Trd, 001741.370, 171
Trd, 001741.520, 172
Trd, 001741.550, 181.0
Trd, 001741.870, 165
Trd, 001741.920, 164.0
Trd, 001742.160, 176
Trd, 001742.190, 176
Trd, 001742.810, 151.0
Trd, 001753.180, 155
Trd, 001754.670, 150
Trd, 001756.020, 154
Trd, 001759.080, 150
Trd, 001771.190, 189.0
Trd, 001771.230, 181.0
Trd, 001771.260, 147.0
Trd, 001771.450, 132.0
Trd, 001771.550, 144
Trd, 001771.690, 140
Trd, 001772.160, 152.0
Trd, 001772.260, 158.0
Trd, 001772.970, 145.0
Trd, 001772.980, 151
Trd, 001774.120, 161.0
Trd, 001774.200, 162
Trd, 001782.670, 153
Trd, 001785.610, 153
Trd, 001801.500, 144
Trd, 001801.540, 147.0
Trd, 001801.680, 149
Trd, 001801.720, 152.0
Trd, 001801.760, 158.0
Trd, 001801.830, 145.0
Trd, 001802.180, 145
Trd, 001802.370, 148
Trd, 001803.710, 161.0
Trd, 001804.060, 151.0
Trd, 001809.120, 156
Trd, 001809.950, 156
Trd, 001820.880, 155
Trd, 001831.270, 178
Trd, 001831.280, 157
Trd, 001831.310, 151.0
Trd, 001831.480, 157
Trd, 001831.690, 154
Trd, 001832.080, 157
Trd, 001832.090, 158.0
Trd, 001832.390, 152.0
Trd, 001832.680, 155
Trd, 001832.960, 156
Trd, 001834.140, 161.0
Trd, 001834.310, 159
Trd, 001850.130, 156
Trd, 001861.270, 160
Trd, 001861.360, 161.0
Trd, 001861.420, 184.0
Trd, 001861.440, 157
Trd, 001861.670, 156
Trd, 001861.860, 152.0
Trd, 001862.270, 181.0
Trd, 001862.480, 164.0
Trd, 001863.860, 171
Trd, 001864.160, 164
Trd, 001864.320, 177
Trd, 001867.180, 163
Trd, 001872.230, 165
Trd, 001891.320, 177.0
Trd, 001891.330, 163
Trd, 001891.850, 145.0
Trd, 001891.860, 161.0
Trd, 001891.920, 166
Trd, 001892.080, 159
Trd, 001892.180, 173
Trd, 001893.080, 159
Trd, 001893.190, 158
Trd, 001893.580, 151.0
Trd, 001895.490, 152.0
Trd, 001897.590, 164.0
Trd, 001908.000, 146
Trd, 001914.310, 171
Trd, 001921.300, 151.0
Trd, 001921.430, 178.0
Trd, 001921.450, 143
Trd, 001921.570, 152.0
Trd, 001921.690, 147.0
Trd, 001921.740, 158.0
Trd, 001921.920, 158
Trd, 001922.320, 157
Trd, 001922.790, 156
Trd, 001923.070, 164.0
Trd, 001924.450, 159
Trd, 001925.260, 159
Trd, 001941.860, 165
Trd, 001951.330, 160
Trd, 001951.430, 181.0
Trd, 001951.490, 159
Trd, 001951.800, 172
Trd, 001952.260, 171
Trd, 001952.280, 165
Trd, 001952.360, 160
Trd, 001952.560, 160
Trd, 001952.670, 172
Trd, 001954.010, 164.0
Trd, 001956.310, 169
Trd, 001956.630, 163
Trd, 001963.100, 167
Trd, 001981.460, 161
Trd, 001981.540, 160
Trd, 001981.620, 151.0
Trd, 001981.850, 158
Trd, 001982.040, 172
Trd, 001982.280, 171
Trd, 001982.540, 158.0
Trd, 001982.730, 156
Trd, 001983.230, 156
Trd, 001983.980, 157
Trd, 001984.540, 161.0
Trd, 001992.800, 156
Trd, 001998.940, 154
Trd, 002011.320, 184.0
Trd, 002011.410, 181
Trd, 002011.750, 172
Trd, 002011.900, 177
Trd, 002011.950, 164.0
Trd, 002012.480, 147.0
Trd, 002012.730, 148
Trd, 002012.860, 145.0
Trd, 002014.770, 144
Trd, 002021.800, 152.0
Trd, 002022.120, 148
Trd, 002028.850, 158.0
Trd, 002030.150, 152
Trd, 002041.630, 145.0
Trd, 002041.680, 148
Trd, 002041.730, 161.0
Trd, 002041.940, 153
Trd, 002042.100, 152
Trd, 002042.490, 155
Trd, 002042.840, 158.0
Trd, 002043.010, 171
Trd, 002043.100, 164.0
Trd, 002043.670, 153
Trd, 002044.570, 152.0
Trd, 002060.100, 161
Trd, 002061.530, 161
Trd, 002071.400, 177.0
Trd, 002071.470, 200.0
Trd, 002071.510, 184.0
Trd, 002071.540, 161
Trd, 002071.680, 158.0
Trd, 002072.160, 160
Trd, 002072.600, 151.0
Trd, 002074.130, 161
Trd, 002079.790, 151
Trd, 002079.970, 157
Trd, 002082.610, 161.0
Trd, 002093.000, 151
Trd, 002101.430, 164.0
Trd, 002101.520, 158.0
Trd, 002101.700, 136.0
Trd, 002102.110, 148
Trd, 002102.120, 161.0
Trd, 002102.130, 174
Trd, 002102.270, 176
Trd, 002102.450, 176
Trd, 002102.610, 153
Trd, 002102.930, 153
Trd, 002105.860, 167
Trd, 002115.580, 158
Trd, 002115.990, 165
Trd, 002128.120, 155
Trd, 002131.480, 158.0
Trd, 002131.560, 154
Trd, 002131.620, 152
Trd, 002131.910, 158
Trd, 002131.990, 161.0
Trd, 002132.030, 184
Trd, 002132.180, 164.0
Trd, 002132.200, 153
Trd, 002133.450, 178.0
Trd, 002135.100, 178
Trd, 002136.900, 164
Trd, 002148.420, 151.0
Trd, 002151.790, 157
Trd, 002161.510, 145.0
Trd, 002161.620, 158.0
Trd, 002161.700, 153
Trd, 002161.980, 197
Trd, 002162.250, 177.0
Trd, 002163.670, 178.0
Trd, 002163.700, 173
Trd, 002163.750, 167
Trd, 002166.320, 166
Trd, 002167.820, 164.0
Trd, 002170.090, 151.0
Trd, 002182.700, 163
Trd, 002190.090, 163
Trd, 002191.410, 179
Trd, 002191.520, 158.0
Trd, 002191.830, 161.0
Trd, 002191.990, 160
Trd, 002192.040, 157
Trd, 002192.280, 160
Trd, 002192.500, 145
Trd, 002193.000, 154
Trd, 002193.160, 156
Trd, 002193.700, 160
Trd, 002193.820, 171
Trd, 002195.300, 166
Trd, 002203.960, 151.0
Trd, 002221.420, 147.0
Trd, 002221.630, 145.0
Trd, 002221.740, 152.0
Trd, 002222.090, 158.0
Trd, 002222.160, 151
Trd, 002223.110, 152
Trd, 002223.270, 153
Trd, 002223.400, 149
Trd, 002225.530, 153
Trd, 002225.870, 161.0
Trd, 002234.710, 164.0
Trd, 002244.470, 159
Trd, 002251.480, 158.0
Trd, 002251.590, 152.0
Trd, 002251.710, 161.0
Trd, 002251.830, 155
Trd, 002251.920, 154
Trd, 002252.050, 178
Trd, 002252.620, 177.0
Trd, 002253.090, 164.0
Trd, 002253.540, 178.0
Trd, 002255.630, 162
Trd, 002261.250, 152
Trd, 002275.180, 154
Trd, 002277.180, 153
Trd, 002281.450, 173
Trd, 002281.470, 154
Trd, 002281.570, 164.0
Trd, 002281.750, 158.0
Trd, 002281.940, 181.0
Trd, 002282.260, 152.0
Trd, 002282.400, 167
Trd, 002283.240, 153
Trd, 002283.690, 153
Trd, 002291.910, 153
Trd, 002298.140, 159
Trd, 002300.850, 161.0
Trd, 002307.450, 154
Trd, 002311.480, 181.0
Trd, 002311.630, 158.0
Trd, 002311.830, 164.0
Trd, 002311.920, 170
Trd, 002312.040, 152
Trd, 002312.190, 151.0
Trd, 002312.550, 152.0
Trd, 002312.620, 162
Trd, 002313.780, 158
Trd, 002314.170, 159
Trd, 002321.540, 153
Trd, 002329.050, 152
Trd, 002330.540, 161.0
Trd, 002338.390, 150
Trd, 002341.530, 145
Trd, 002341.680, 147.0
Trd, 002341.710, 136.0
Trd, 002341.800, 152.0
Trd, 002341.810, 159
Trd, 002341.840, 170
Trd, 002342.010, 161.0
Trd, 002342.500, 171
Trd, 002342.630, 163
Trd, 002342.740, 167
Trd, 002343.890, 156
Trd, 002355.900, 164
Trd, 002356.860, 158
Trd, 002363.530, 158
Trd, 002371.660, 156
Trd, 002371.750, 152.0
Trd, 002372.020, 158
Trd, 002372.030, 178.0
Trd, 002372.270, 158.0
Trd, 002372.370, 181.0
Trd, 002372.850, 154
Trd, 002373.350, 152
Trd, 002373.630, 161.0
Trd, 002373.950, 168
Trd, 002374.900, 166
Trd, 002377.620, 163
Trd, 002400.040, 151.0
Trd, 002401.620, 147
Trd, 002401.630, 152.0
Trd, 002401.760, 161.0
Trd, 002402.090, 178.0
Trd, 002402.100, 181.0
Trd, 002402.520, 184.0
Trd, 002402.570, 177.0
Trd, 002402.790, 164
Trd, 002403.070, 171
Trd, 002403.530, 174
Trd, 002404.670, 164
Trd, 002405.360, 165
Trd, 002415.220, 151.0
Trd, 002419.470, 159
Trd, 002422.140, 160
Trd, 002431.460, 155
Trd, 002431.580, 184.0
Trd, 002431.610, 187.0
Trd, 002431.660, 155
Trd, 002431.990, 177.0
Trd, 002432.080, 167
Trd, 002432.230, 166
Trd, 002433.440, 179
Trd, 002433.840, 164.0
Trd, 002433.910, 164
Trd, 002437.580, 151.0
Trd, 002447.010, 161.0
Trd, 002447.090, 157
Trd, 002461.820, 147.0
Trd, 002462.100, 161.0
Trd, 002462.460, 154
Trd, 002462.640, 158.0
Trd, 002462.840, 176
Trd, 002463.470, 155
Trd, 002463.550, 163
Trd, 002463.870, 154
Trd, 002464.470, 159
Trd, 002470.610, 159
Trd, 002479.260, 160
Trd, 002485.560, 154
Trd, 002488.750, 159
Trd, 002491.590, 147.0
Trd, 002491.680, 158.0
Trd, 002491.990, 158
Trd, 002492.150, 153
Trd, 002492.200, 147
Trd, 002492.350, 159
Trd, 002492.500, 151.0
Trd, 002492.560, 175
Trd, 002492.940, 161.0
Trd, 002493.830, 171
Trd, 002494.750, 157
Trd, 002495.130, 170
Trd, 002501.240, 158
Trd, 002521.670, 132.0
Trd, 002521.680, 152
Trd, 002521.690, 170
Trd, 002521.750, 177
Trd, 002521.850, 178.0
Trd, 002522.050, 187.0
Trd, 002522.500, 152.0
Trd, 002522.620, 151
Trd, 002522.670, 158.0
Trd, 002523.190, 145.0
Trd, 002524.260, 147
Trd, 002525.300, 148
Trd, 002527.710, 161.0
Trd, 002535.090, 151
Trd, 002548.870, 146
Trd, 002551.600, 200.0
Trd, 002551.650, 177.0
Trd, 002552.010, 164.0
Trd, 002552.170, 171
Trd, 002552.350, 172
Trd, 002552.490, 165
Trd, 002552.500, 164
Trd, 002553.030, 164
Trd, 002554.730, 163
Trd, 002557.580, 162
Trd, 002564.170, 160
Trd, 002572.710, 173
Trd, 002581.720, 152.0
Trd, 002581.760, 163
Trd, 002581.880, 172
Trd, 002581.930, 164.0
Trd, 002581.940, 181.0
Trd, 002582.180, 164
Trd, 002582.270, 162
Trd, 002582.830, 163
Trd, 002583.580, 172
Trd, 002584.580, 162
Trd, 002587.670, 157
Trd, 002591.630, 165
Trd, 002593.530, 160
Trd, 002611.530, 187.0
Trd, 002611.690, 177.0
Trd, 002611.900, 161
Trd, 002612.150, 147
Trd, 002612.460, 153
Trd, 002612.600, 152.0
Trd, 002612.670, 151.0
Trd, 002612.740, 159
Trd, 002612.920, 147
Trd, 002613.120, 149
Trd, 002616.150, 160
Trd, 002617.750, 160
Trd, 002625.440, 158
Trd, 002641.780, 184.0
Trd, 002641.900, 177.0
Trd, 002642.210, 175
Trd, 002642.340, 182
Trd, 002642.510, 178
Trd, 002642.560, 174
Trd, 002642.650, 180
Trd, 002643.090, 175
Trd, 002643.210, 168
Trd, 002643.290, 164.0
Trd, 002643.760, 151.0
Trd, 002649.380, 149
Trd, 002671.580, 177.0
Trd, 002671.890, 168
Trd, 002671.930, 176
Trd, 002671.950, 162
Trd, 002672.010, 178.0
Trd, 002672.150, 184.0
Trd, 002672.450, 172
Trd, 002672.940, 172
Trd, 002673.220, 168
Trd, 002673.250, 164.0
Trd, 002673.760, 151.0
Trd, 002674.250, 145.0
Trd, 002675.180, 153
Trd, 002676.100, 153
Trd, 002677.860, 171
Trd, 002701.620, 132.0
Trd, 002701.650, 161.0
Trd, 002702.190, 164.0
Trd, 002702.260, 178.0
Trd, 002702.570, 181.0
Trd, 002702.980, 182
Trd, 002703.120, 177.0
Trd, 002703.150, 165
Trd, 002705.200, 168
Trd, 002705.540, 168
Trd, 002705.860, 151.0
Trd, 002716.920, 159
Trd, 002726.870, 147
Trd, 002729.260, 158
Trd, 002731.670, 158.0
Trd, 002731.750, 178.0
Trd, 002731.790, 164.0
Trd, 002732.060, 160
Trd, 002732.190, 166
Trd, 002732.440, 167
Trd, 002732.730, 152
Trd, 002732.820, 156
Trd, 002732.870, 162
Trd, 002733.350, 171
Trd, 002737.350, 161.0
Trd, 002755.950, 151.0
Trd, 002761.710, 184.0
Trd, 002761.960, 168
Trd, 002762.050, 178.0
Trd, 002762.180, 164.0
Trd, 002762.520, 158.0
Trd, 002762.690, 163
Trd, 002762.840, 163
Trd, 002763.140, 155
Trd, 002764.310, 159
Trd, 002768.560, 159
Trd, 002772.370, 159
Trd, 002774.100, 161.0
Trd, 002791.780, 159
Trd, 002792.120, 160
Trd, 002792.130, 170
Trd, 002792.160, 173
Trd, 002792.190, 157
Trd, 002792.330, 155
Trd, 002792.700, 156
Trd, 002792.870, 152.0
Trd, 002793.120, 163
Trd, 002793.270, 158.0
Trd, 002793.570, 154
Trd, 002795.470, 160
Trd, 002795.980, 161.0
Trd, 002821.720, 152.0
Trd, 002822.320, 158.0
Trd, 002822.510, 153
Trd, 002822.530, 155
Trd, 002822.770, 149
Trd, 002822.880, 147.0
Trd, 002823.040, 147
Trd, 002823.210, 159
Trd, 002823.220, 161.0
Trd, 002823.550, 170
Trd, 002824.290, 166
Trd, 002829.100, 156
Trd, 002839.750, 159
Trd, 002851.660, 189.0
Trd, 002851.700, 192
Trd, 002851.710, 180
Trd, 002851.730, 160
Trd, 002851.830, 187.0
Trd, 002851.940, 184.0
Trd, 002852.120, 182
Trd, 002852.290, 177.0
Trd, 002852.350, 164.0
Trd, 002853.770, 152.0
Trd, 002854.080, 156
Trd, 002856.700, 153
Trd, 002863.580, 153
Trd, 002866.720, 153
Trd, 002881.650, 189.0
Trd, 002881.680, 164.0
Trd, 002881.930, 141
Trd, 002882.000, 145.0
Trd, 002882.070, 152.0
Trd, 002882.160, 152
Trd, 002882.580, 150
Trd, 002882.590, 158.0
Trd, 002883.160, 155
Trd, 002885.390, 161.0
Trd, 002887.150, 162
Trd, 002891.690, 158
Trd, 002911.630, 177
Trd, 002911.930, 158.0
Trd, 002912.200, 157
Trd, 002912.530, 152.0
Trd, 002912.600, 157
Trd, 002913.070, 154
Trd, 002913.520, 159
Trd, 002913.560, 160
Trd, 002913.720, 153
Trd, 002915.740, 161.0
Trd, 002917.790, 171
Trd, 002921.050, 151.0
Trd, 002941.640, 200.0
Trd, 002941.870, 145.0
Trd, 002941.920, 152
Trd, 002941.940, 161
Trd, 002941.960, 171
Trd, 002942.200, 145
Trd, 002942.950, 147.0
Trd, 002943.530, 152.0
Trd, 002943.700, 156
Trd, 002943.710, 158.0
Trd, 002946.080, 156
Trd, 002971.830, 151.0
Trd, 002972.190, 156
Trd, 002972.410, 151
Trd, 002972.500, 155
Trd, 002972.710, 136.0
Trd, 002972.820, 155
Trd, 002973.050, 155
Trd, 002973.300, 152.0
Trd, 002975.900, 158.0
Trd, 002981.470, 153
Trd, 002982.720, 161.0
Trd, 003001.840, 158
Trd, 003001.890, 161.0
Trd, 003001.970, 157
Trd, 003002.220, 152
Trd, 003002.300, 170
Trd, 003002.670, 171
Trd, 003002.680, 173
Trd, 003002.910, 154
Trd, 003003.140, 156
Trd, 003005.140, 158.0
Trd, 003012.730, 159
Trd, 003015.530, 155
Trd, 003017.190, 152
Trd, 003018.640, 151.0
Trd, 003026.430, 156
Trd, 003031.780, 178
Trd, 003032.190, 178
Trd, 003032.480, 164.0
Trd, 003032.580, 158
Trd, 003032.790, 156
Trd, 003033.060, 156
Trd, 003033.260, 152.0
Trd, 003033.740, 161.0
Trd, 003034.220, 157
Trd, 003037.220, 155
Trd, 003039.550, 155
Trd, 003040.190, 154
Trd, 003042.270, 151.0
Trd, 003061.780, 178.0
Trd, 003061.830, 181.0
Trd, 003062.090, 166
Trd, 003062.160, 164.0
Trd, 003062.300, 173
Trd, 003062.500, 164
Trd, 003062.530, 173
Trd, 003063.270, 154
Trd, 003063.700, 159
Trd, 003063.760, 157
Trd, 003064.210, 161.0
Trd, 003066.290, 151.0
Trd, 003072.430, 154
Trd, 003075.390, 149
Trd, 003084.020, 154
Trd, 003091.730, 151
Trd, 003091.970, 132.0
Trd, 003092.050, 145.0
Trd, 003092.360, 151
Trd, 003092.610, 151
Trd, 003092.720, 149
Trd, 003092.910, 152.0
Trd, 003093.000, 152
Trd, 003093.440, 158.0
Trd, 003093.850, 151.0
Trd, 003095.760, 161.0
Trd, 003097.800, 150
Trd, 003100.510, 155
Trd, 003111.660, 161
Trd, 003111.810, 153
Trd, 003121.710, 164.0
Trd, 003121.740, 171
Trd, 003121.840, 132.0
Trd, 003122.040, 147.0
Trd, 003122.610, 165
Trd, 003122.760, 181.0
Trd, 003123.030, 187.0
Trd, 003123.110, 157
Trd, 003123.520, 163
Trd, 003124.240, 165
Trd, 003124.970, 175
Trd, 003128.670, 157
Trd, 003129.770, 155
Trd, 003131.510, 156
Trd, 003151.830, 157
Trd, 003151.920, 154
Trd, 003152.050, 150
Trd, 003152.130, 160
Trd, 003152.200, 158.0
Trd, 003152.260, 151.0
Trd, 003152.440, 161.0
Trd, 003152.780, 170
Trd, 003152.940, 151
Trd, 003153.510, 152
Trd, 003154.120, 166
Trd, 003159.810, 153
Trd, 003165.550, 163
Trd, 003176.240, 154
Trd, 003178.910, 146
Trd, 003180.220, 158
Trd, 003182.160, 151.0
Trd, 003182.350, 145.0
Trd, 003182.510, 151
Trd, 003182.680, 152
Trd, 003183.220, 157
Trd, 003183.240, 154
Trd, 003183.490, 152.0
Trd, 003183.810, 150
Trd, 003184.260, 158.0
Trd, 003185.560, 156
Trd, 003187.850, 154
Trd, 003195.710, 153
Trd, 003204.170, 161.0
Trd, 003211.760, 147.0
Trd, 003211.930, 161.0
Trd, 003212.270, 164.0
Trd, 003212.610, 162
Trd, 003212.670, 176
Trd, 003212.850, 162
Trd, 003212.900, 177
Trd, 003212.910, 178.0
Trd, 003214.050, 164
Trd, 003214.250, 162
Trd, 003215.960, 151.0
Trd, 003223.020, 166
Trd, 003225.250, 147
Trd, 003226.330, 141
Trd, 003227.140, 146
Trd, 003228.450, 157
Trd, 003241.780, 152.0
Trd, 003241.920, 132.0
Trd, 003242.060, 148
Trd, 003242.320, 147.0
Trd, 003242.650, 153
Trd, 003243.550, 155
Trd, 003243.680, 158.0
Trd, 003244.240, 154
Trd, 003244.260, 160
Trd, 003249.530, 152
Trd, 003258.340, 152
Trd, 003259.740, 151.0
Trd, 003271.900, 158.0
Trd, 003271.920, 181.0
Trd, 003272.200, 166
Trd, 003272.520, 168
Trd, 003272.790, 159
Trd, 003273.170, 166
Trd, 003273.520, 160
Trd, 003274.090, 164.0
Trd, 003274.570, 165
Trd, 003276.740, 162
Trd, 003276.960, 158
Trd, 003287.410, 151.0
Trd, 003296.370, 157
Trd, 003301.900, 151
Trd, 003301.940, 152.0
Trd, 003302.230, 153
Trd, 003302.260, 154
Trd, 003302.280, 146
Trd, 003302.420, 147.0
Trd, 003302.560, 147
Trd, 003302.720, 158.0
Trd, 003302.850, 161.0
Trd, 003303.040, 172
Trd, 003303.530, 145
Trd, 003303.790, 172
Trd, 003305.570, 172
Trd, 003306.370, 150
Trd, 003306.790, 178.0
Trd, 003308.370, 141
Trd, 003323.260, 161
Trd, 003331.840, 144
Trd, 003331.850, 145
Trd, 003332.130, 151.0
Trd, 003332.170, 152.0
Trd, 003332.700, 161.0
Trd, 003332.830, 150
Trd, 003332.920, 170
Trd, 003333.020, 175
Trd, 003333.150, 175
Trd, 003333.300, 176
Trd, 003333.880, 158.0
Trd, 003336.010, 157
Trd, 003342.300, 151
Trd, 003342.720, 152
Trd, 003350.490, 147
Trd, 003362.030, 152
Trd, 003362.070, 158.0
Trd, 003362.230, 169
Trd, 003362.580, 161.0
Trd, 003362.610, 155
Trd, 003363.030, 155
Trd, 003363.160, 152
Trd, 003363.800, 152
Trd, 003363.820, 162
Trd, 003364.670, 163
Trd, 003373.700, 151.0
Trd, 003376.420, 148
Trd, 003391.980, 132.0
Trd, 003392.070, 153
Trd, 003392.150, 158.0
Trd, 003392.200, 152.0
Trd, 003392.290, 165
Trd, 003392.310, 151.0
Trd, 003392.590, 170
Trd, 003392.980, 167
Trd, 003393.180, 153
Trd, 003395.150, 153
Trd, 003397.580, 166
Trd, 003401.900, 152
Trd, 003416.630, 160
Trd, 003421.900, 174
Trd, 003421.970, 200.0
Trd, 003422.000, 177.0
Trd, 003422.070, 164.0
Trd, 003422.410, 160
Trd, 003422.540, 174
Trd, 003422.740, 173
Trd, 003422.780, 167
Trd, 003422.790, 152
Trd, 003424.150, 161
Trd, 003424.340, 159
Trd, 003425.920, 155
Trd, 003430.990, 153
Trd, 003449.340, 151.0
Trd, 003450.110, 152
Trd, 003451.940, 187.0
Trd, 003451.980, 184.0
Trd, 003452.030, 154
Trd, 003452.070, 151.0
Trd, 003452.100, 158.0
Trd, 003452.170, 161.0
Trd, 003452.250, 177
Trd, 003453.120, 146
Trd, 003455.550, 147.0
Trd, 003459.020, 145
Trd, 003461.570, 144
Trd, 003463.410, 144
Trd, 003466.410, 143
Trd, 003482.000, 151
Trd, 003482.010, 174
Trd, 003482.300, 158.0
Trd, 003482.360, 154
Trd, 003482.440, 161.0
Trd, 003483.100, 158
Trd, 003483.490, 159
Trd, 003483.500, 152
Trd, 003484.780, 160
Trd, 003485.140, 151.0
Trd, 003485.620, 160
Trd, 003490.150, 150
Trd, 003508.290, 147
Trd, 003511.890, 132.0
Trd, 003512.560, 152.0
Trd, 003512.640, 158.0
Trd, 003512.810, 161.0
Trd, 003512.990, 178.0
Trd, 003513.480, 177.0
Trd, 003513.800, 164
Trd, 003514.030, 156
Trd, 003519.820, 160
Trd, 003530.720, 159
Trd, 003541.890, 177.0
Trd, 003541.980, 174
Trd, 003542.120, 157
Trd, 003542.180, 172
Trd, 003542.570, 158.0
Trd, 003542.780, 160
Trd, 003543.100, 155
Trd, 003543.270, 153
Trd, 003543.340, 141
Trd, 003543.360, 161.0
Trd, 003544.490, 152
Trd, 003544.910, 158
Trd, 003547.690, 157
Trd, 003549.800, 151.0
Trd, 003551.700, 146
Trd, 003571.870, 157
Trd, 003572.000, 161.0
Trd, 003572.050, 180
Trd, 003572.080, 181.0
Trd, 003572.380, 164
Trd, 003572.510, 175
Trd, 003572.840, 162
Trd, 003573.320, 161
Trd, 003573.530, 151.0
Trd, 003573.550, 165
Trd, 003574.280, 152.0
Trd, 003576.630, 153
Trd, 003589.810, 147
Trd, 003596.750, 158.0
Trd, 003601.910, 164.0
Trd, 003601.950, 178
Trd, 003602.010, 161.0
Trd, 003602.270, 163
Trd, 003602.400, 155
Trd, 003602.540, 174
Trd, 003602.930, 158
Trd, 003603.800, 151.0
Trd, 003604.470, 152.0
Trd, 003605.410, 154
Trd, 003615.320, 157
Trd, 003624.140, 150
Trd, 003631.900, 156
Trd, 003632.150, 158.0
Trd, 003632.290, 147.0
Trd, 003632.350, 161.0
Trd, 003632.550, 174
Trd, 003632.710, 164.0
Trd, 003633.680, 165
Trd, 003633.820, 166
Trd, 003633.880, 151.0
Trd, 003633.990, 170
Trd, 003639.120, 161
Trd, 003640.080, 158
Trd, 003640.170, 157
Trd, 003659.440, 156
Trd, 003661.920, 152.0
Trd, 003662.010, 158.0
Trd, 003662.050, 152
Trd, 003662.290, 184.0
Trd, 003662.700, 145.0
Trd, 003663.140, 164.0
Trd, 003663.810, 159
Trd, 003664.080, 161.0
Trd, 003664.340, 151.0
Trd, 003664.760, 172
Trd, 003668.120, 149
Trd, 003671.030, 152
Trd, 003691.960, 145.0
Trd, 003692.060, 147.0
Trd, 003692.190, 152.0
Trd, 003692.250, 158.0
Trd, 003692.420, 156
Trd, 003693.330, 158
Trd, 003693.420, 154
Trd, 003693.970, 158
Trd, 003721.970, 161.0
Trd, 003722.300, 171
Trd, 003722.410, 164.0
Trd, 003722.780, 158
Trd, 003722.870, 167
Trd, 003722.910, 161
Trd, 003723.490, 171
Trd, 003723.770, 152
Trd, 003724.810, 170
Trd, 003724.840, 152
Trd, 003741.560, 159
Trd, 003747.840, 158
Trd, 003749.550, 158
Trd, 003751.930, 147.0
Trd, 003752.230, 154
Trd, 003752.530, 151.0
Trd, 003752.820, 159
Trd, 003752.830, 161.0
Trd, 003753.160, 152
Trd, 003753.390, 171
Trd, 003753.450, 175
Trd, 003754.110, 164.0
Trd, 003771.890, 162
Trd, 003777.070, 159
Trd, 003778.660, 158
Trd, 003779.330, 158
Trd, 003781.980, 172
Trd, 003782.000, 178.0
Trd, 003782.200, 158.0
Trd, 003782.290, 157
Trd, 003782.360, 157
Trd, 003782.670, 158
Trd, 003782.690, 161.0
Trd, 003782.760, 156
Trd, 003782.910, 164.0
Trd, 003783.340, 161
Trd, 003793.990, 161
Trd, 003802.800, 156
Trd, 003805.370, 151.0
Trd, 003811.940, 177
Trd, 003811.980, 165
Trd, 003812.100, 158.0
Trd, 003812.240, 152.0
Trd, 003812.510, 164.0
Trd, 003812.670, 167
Trd, 003812.680, 158
Trd, 003812.840, 166
Trd, 003812.910, 157
Trd, 003813.090, 147
Trd, 003815.560, 151.0
Trd, 003815.770, 153
Trd, 003842.070, 147.0
Trd, 003842.220, 189.0
Trd, 003842.380, 181.0
Trd, 003842.420, 152
Trd, 003842.640, 161.0
Trd, 003842.850, 159
Trd, 003843.560, 165
Trd, 003843.920, 174
Trd, 003844.140, 158
Trd, 003844.210, 173
Trd, 003852.810, 157
Trd, 003853.680, 151.0
Trd, 003854.930, 158
Trd, 003862.490, 147
Trd, 003872.070, 175
Trd, 003872.210, 164.0
Trd, 003872.470, 165
Trd, 003872.620, 164
Trd, 003872.750, 164
Trd, 003872.900, 161.0
Trd, 003872.940, 161
Trd, 003873.020, 169
Trd, 003873.700, 167
Trd, 003873.940, 160
Trd, 003875.040, 155
Trd, 003880.410, 151.0
Trd, 003880.490, 145
Trd, 003889.990, 165
Trd, 003902.170, 162
Trd, 003902.240, 173
Trd, 003902.390, 161
Trd, 003902.490, 160
Trd, 003902.510, 178.0
Trd, 003902.920, 167
Trd, 003902.940, 164.0
Trd, 003902.960, 151.0
Trd, 003903.340, 171
Trd, 003904.160, 171
Trd, 003904.760, 171
Trd, 003906.820, 147
Trd, 003910.630, 161.0
Trd, 003913.240, 160
Trd, 003918.150, 142
Trd, 003932.080, 156
Trd, 003932.330, 172
Trd, 003932.490, 158
Trd, 003932.660, 156
Trd, 003932.890, 156
Trd, 003932.910, 161.0
Trd, 003933.200, 147.0
Trd, 003933.410, 143
Trd, 003933.770, 162
Trd, 003934.460, 154
Trd, 003934.950, 158
Trd, 003935.510, 172
Trd, 003962.090, 189.0
Trd, 003962.340, 171
Trd, 003962.520, 166
Trd, 003962.770, 158
Trd, 003962.960, 154
Trd, 003963.260, 151.0
Trd, 003963.590, 158.0
Trd, 003963.600, 164
Trd, 003964.420, 147.0
Trd, 003965.610, 153
Trd, 003966.500, 161.0
Trd, 003979.270, 153
Trd, 003988.380, 172
Trd, 003992.030, 152.0
Trd, 003992.110, 162
Trd, 003992.200, 163
Trd, 003992.380, 156
Trd, 003992.660, 160
Trd, 003992.740, 155
Trd, 003994.080, 161.0
Trd, 003994.120, 170
Trd, 003994.330, 155
Trd, 003997.500, 158.0
Trd, 004001.150, 161
Trd, 004001.390, 159.0
Trd, 004002.370, 157.0
Trd, 004002.600, 157.0
Trd, 004008.240, 155
Trd, 004008.840, 164.0
Trd, 004021.250, 151.0
Trd, 004022.000, 187.0
Trd, 004022.110, 153
Trd, 004022.130, 169
Trd, 004022.170, 143
Trd, 004022.200, 145.0
Trd, 004022.300, 160
Trd, 004022.510, 152.0
Trd, 004022.780, 153
Trd, 004022.960, 154
Trd, 004023.300, 154.0
Trd, 004024.290, 159
Trd, 004024.590, 159
Trd, 004027.400, 158.0
Trd, 004032.310, 158
Trd, 004033.210, 158
Trd, 004047.510, 156
Trd, 004052.230, 158.0
Trd, 004052.270, 164.0
Trd, 004052.280, 175
Trd, 004052.350, 164
Trd, 004052.500, 167.0
Trd, 004052.690, 163
Trd, 004053.010, 157
Trd, 004053.380, 163
Trd, 004053.390, 159
Trd, 004053.550, 157
Trd, 004053.940, 156
Trd, 004054.090, 156
Trd, 004055.380, 155.0
Trd, 004057.750, 151.0
Trd, 004058.690, 154.0
Trd, 004064.200, 154
Trd, 004068.400, 161.0
Trd, 004082.140, 177
Trd, 004082.650, 141.0
Trd, 004082.690, 145.0
Trd, 004082.830, 145
Trd, 004082.840, 147.0
Trd, 004082.910, 147
Trd, 004083.050, 158.0
Trd, 004083.290, 151.0
Trd, 004083.510, 152.0
Trd, 004084.360, 155.0
Trd, 004084.550, 155
Trd, 004085.180, 155.0
Trd, 004087.400, 160
Trd, 004096.430, 158
Trd, 004101.650, 160
Trd, 004103.670, 156
Trd, 004112.020, 132.0
Trd, 004112.150, 158.0
Trd, 004112.160, 161.0
Trd, 004112.370, 150
Trd, 004112.540, 175.0
Trd, 004112.750, 178.0
Trd, 004112.810, 177.0
Trd, 004113.100, 161
Trd, 004113.830, 166
Trd, 004113.960, 178.0
Trd, 004114.780, 174.0
Trd, 004115.290, 165
Trd, 004116.130, 163
Trd, 004124.370, 153
Trd, 004124.490, 151.0
Trd, 004125.690, 153
Trd, 004130.020, 153
Trd, 004132.450, 146
Trd, 004142.240, 184.0
Trd, 004142.400, 177.0
Trd, 004142.510, 179
Trd, 004142.870, 178.0
Trd, 004142.940, 176
Trd, 004143.050, 175
Trd, 004143.110, 171.0
Trd, 004143.120, 170
Trd, 004143.130, 166
Trd, 004143.530, 172
Trd, 004143.620, 165
Trd, 004143.680, 164.0
Trd, 004145.050, 153
Trd, 004146.400, 159
Trd, 004147.090, 156
Trd, 004151.610, 151.0
Trd, 004154.320, 155
Trd, 004164.270, 151
Trd, 004169.660, 154
Trd, 004172.050, 177.0
Trd, 004172.330, 171
Trd, 004172.370, 162
Trd, 004172.630, 159
Trd, 004172.730, 154
Trd, 004173.050, 165
Trd, 004173.170, 165.0
Trd, 004173.180, 162
Trd, 004173.450, 163
Trd, 004173.480, 159
Trd, 004173.840, 161.0
Trd, 004173.940, 158
Trd, 004174.980, 161
Trd, 004175.730, 160
Trd, 004179.410, 162
Trd, 004180.550, 159
Trd, 004198.480, 151.0
Trd, 004202.260, 156
Trd, 004202.350, 155
Trd, 004202.380, 178.0
Trd, 004202.560, 155.0
Trd, 004202.570, 158.0
Trd, 004202.580, 181.0
Trd, 004202.790, 164.0
Trd, 004203.160, 154.0
Trd, 004203.630, 154.0
Trd, 004203.940, 157
Trd, 004204.160, 158
Trd, 004204.330, 157
Trd, 004204.500, 154
Trd, 004205.060, 154.0
Trd, 004205.800, 156
Trd, 004210.390, 152
Trd, 004210.550, 151.0
Trd, 004232.150, 171
Trd, 004232.420, 187.0
Trd, 004232.470, 177.0
Trd, 004232.740, 171
Trd, 004232.860, 172.0
Trd, 004233.020, 171
Trd, 004233.040, 171.0
Trd, 004233.100, 171
Trd, 004233.310, 167
Trd, 004233.480, 168
Trd, 004233.770, 168
Trd, 004233.980, 165
Trd, 004235.200, 160
Trd, 004235.330, 160
Trd, 004245.690, 155
Trd, 004253.300, 153
Trd, 004257.080, 151.0
Trd, 004262.300, 153
Trd, 004262.390, 161.0
Trd, 004262.750, 157
Trd, 004262.780, 158
Trd, 004262.850, 156
Trd, 004262.870, 153
Trd, 004262.900, 161.0
Trd, 004263.090, 154.0
Trd, 004263.110, 158.0
Trd, 004263.730, 157
Trd, 004263.860, 151.0
Trd, 004264.050, 159
Trd, 004267.330, 159
Trd, 004269.590, 164.0
Trd, 004274.610, 157
Trd, 004277.200, 157
Trd, 004292.270, 158
Trd, 004292.450, 168.0
Trd, 004292.540, 164.0
Trd, 004292.600, 158
Trd, 004292.790, 160
Trd, 004293.000, 164
Trd, 004293.190, 158
Trd, 004293.280, 160.0
Trd, 004293.340, 160.0
Trd, 004293.570, 164.0
Trd, 004293.670, 159
Trd, 004293.820, 155.0
Trd, 004294.230, 156
Trd, 004296.200, 155
Trd, 004298.670, 151.0
Trd, 004305.890, 161.0
Trd, 004322.330, 141.0
Trd, 004322.400, 153
Trd, 004322.450, 154
Trd, 004322.540, 145.0
Trd, 004322.560, 158.0
Trd, 004322.690, 151
Trd, 004322.730, 166
Trd, 004323.000, 164.0
Trd, 004323.570, 159
Trd, 004323.730, 163
Trd, 004323.750, 153
Trd, 004324.050, 153.0
Trd, 004324.070, 157.0
Trd, 004327.610, 156
Trd, 004328.140, 155
Trd, 004332.680, 151.0
Trd, 004352.210, 177
Trd, 004352.370, 164.0
Trd, 004352.440, 164
Trd, 004352.510, 168
Trd, 004352.730, 166
Trd, 004352.880, 164
Trd, 004352.960, 162
Trd, 004353.060, 163.0
Trd, 004353.220, 166
Trd, 004354.040, 167.0
Trd, 004354.110, 168
Trd, 004354.150, 162
Trd, 004354.310, 164
Trd, 004355.050, 147
Trd, 004359.910, 151.0
Trd, 004363.640, 152.0
Trd, 004367.600, 149
Trd, 004369.660, 150
Trd, 004382.180, 161.0
Trd, 004382.430, 154
Trd, 004382.460, 156
Trd, 004382.620, 132.0
Trd, 004382.720, 151.0
Trd, 004382.820, 147
Trd, 004383.110, 148.0
Trd, 004383.850, 150
Trd, 004383.930, 152.0
Trd, 004384.140, 154.0
Trd, 004384.200, 158.0
Trd, 004385.440, 160.0
Trd, 004385.500, 164.0
Trd, 004386.520, 162
Trd, 004404.790, 159
Trd, 004410.050, 159
Trd, 004412.380, 145.0
Trd, 004412.400, 147.0
Trd, 004412.610, 151.0
Trd, 004412.680, 150
Trd, 004412.700, 164.0
Trd, 004412.770, 167.0
Trd, 004412.850, 165
Trd, 004413.060, 147
Trd, 004413.160, 162
Trd, 004413.340, 161.0
Trd, 004413.350, 162
Trd, 004414.160, 154.0
Trd, 004415.170, 153
Trd, 004415.980, 154.0
Trd, 004416.300, 156
Trd, 004416.870, 152
Trd, 004418.110, 158.0
Trd, 004425.610, 155
Trd, 004442.130, 190
Trd, 004442.240, 155
Trd, 004442.340, 157
Trd, 004442.520, 145.0
Trd, 004442.650, 147.0
Trd, 004442.860, 161.0
Trd, 004443.170, 164.0
Trd, 004443.370, 163
Trd, 004443.730, 157
Trd, 004444.370, 157
Trd, 004444.570, 149
Trd, 004444.640, 153.0
Trd, 004445.500, 152
Trd, 004445.580, 152
Trd, 004448.630, 158.0
Trd, 004461.410, 151.0
Trd, 004472.180, 189.0
Trd, 004472.360, 184.0
Trd, 004472.380, 177.0
Trd, 004472.580, 169.0
Trd, 004472.620, 177
Trd, 004472.740, 164.0
Trd, 004472.860, 168
Trd, 004473.130, 163
Trd, 004473.240, 159
Trd, 004473.410, 157
Trd, 004474.000, 157
Trd, 004474.100, 156
Trd, 004474.350, 157
Trd, 004474.910, 160
Trd, 004475.210, 161.0
Trd, 004490.090, 156
Trd, 004501.490, 155
Trd, 004502.310, 189.0
Trd, 004502.430, 187.0
Trd, 004502.570, 187.0
Trd, 004502.730, 179.0
Trd, 004502.820, 174.0
Trd, 004502.950, 172
Trd, 004503.110, 171
Trd, 004503.170, 164.0
Trd, 004503.420, 162
Trd, 004503.480, 159
Trd, 004503.540, 162
Trd, 004504.010, 158
Trd, 004504.180, 161
Trd, 004504.480, 158
Trd, 004508.180, 151.0
Trd, 004511.320, 156
Trd, 004515.430, 157
Trd, 004532.430, 132.0
Trd, 004532.480, 134.0
Trd, 004532.500, 135.0
Trd, 004532.610, 145.0
Trd, 004532.910, 147.0
Trd, 004532.980, 154.0
Trd, 004533.760, 153
Trd, 004534.040, 158.0
Trd, 004534.190, 155.0
Trd, 004534.410, 153
Trd, 004534.820, 155
Trd, 004535.180, 161.0
Trd, 004538.400, 157
Trd, 004562.290, 156
Trd, 004562.390, 159
Trd, 004562.420, 155
Trd, 004562.500, 161.0
Trd, 004562.650, 163
Trd, 004562.840, 163
Trd, 004563.000, 158.0
Trd, 004563.040, 151.0
Trd, 004563.190, 164.0
Trd, 004563.270, 164
Trd, 004563.280, 165.0
Trd, 004563.650, 147
Trd, 004563.750, 148
Trd, 004564.060, 158.0
Trd, 004565.080, 158
Trd, 004570.780, 152.0
Trd, 004580.500, 151
Trd, 004592.300, 161.0
Trd, 004592.320, 155
Trd, 004592.410, 171
Trd, 004592.560, 164
Trd, 004593.010, 161
Trd, 004593.090, 158
Trd, 004593.270, 157
Trd, 004593.300, 155
Trd, 004593.430, 157.0
Trd, 004593.600, 152.0
Trd, 004594.080, 158
Trd, 004594.220, 151.0
Trd, 004594.790, 156
Trd, 004594.800, 158.0
Trd, 004595.780, 146
Trd, 004596.250, 144
Trd, 004596.980, 158.0
Trd, 004602.390, 164.0
Trd, 004620.550, 165.0
Trd, 004622.360, 172
Trd, 004622.390, 171
Trd, 004622.400, 178
Trd, 004622.610, 171.0
Trd, 004622.650, 164.0
Trd, 004622.850, 161
Trd, 004623.050, 161
Trd, 004623.520, 157
Trd, 004623.600, 151.0
Trd, 004623.660, 157.0
Trd, 004623.960, 161
Trd, 004625.000, 161
Trd, 004625.750, 159
Trd, 004625.870, 156
Trd, 004626.130, 157
Trd, 004628.940, 155
Trd, 004652.230, 200.0
Trd, 004652.280, 171.0
Trd, 004652.710, 136.0
Trd, 004652.850, 135.0
Trd, 004652.910, 147.0
Trd, 004653.860, 145.0
Trd, 004654.200, 146
Trd, 004654.230, 146
Trd, 004654.260, 161.0
Trd, 004654.690, 148
Trd, 004655.740, 141
Trd, 004655.990, 146
Trd, 004656.000, 148
Trd, 004656.960, 154
Trd, 004658.500, 152.0
Trd, 004658.590, 149
Trd, 004682.300, 147.0
Trd, 004682.520, 154.0
Trd, 004682.640, 159.0
Trd, 004682.660, 179.0
Trd, 004682.730, 177.0
Trd, 004682.860, 185.0
Trd, 004682.910, 171
Trd, 004682.990, 169
Trd, 004683.130, 162.0
Trd, 004683.310, 158.0
Trd, 004683.330, 159
Trd, 004683.430, 164
Trd, 004683.490, 170.0
Trd, 004684.380, 158
Trd, 004685.720, 159
Trd, 004691.110, 155
Trd, 004700.510, 153
Trd, 004704.420, 151.0
Trd, 004712.230, 187.0
Trd, 004712.350, 189.0
Trd, 004712.600, 136
Trd, 004712.660, 141.0
Trd, 004712.670, 145.0
Trd, 004712.840, 162
Trd, 004713.060, 152
Trd, 004713.360, 151.0
Trd, 004713.390, 153
Trd, 004713.840, 154.0
Trd, 004714.440, 155
Trd, 004715.260, 154
Trd, 004716.390, 155
Trd, 004726.420, 151
Trd, 004730.220, 158.0
Trd, 004742.400, 132.0
Trd, 004742.470, 158.0
Trd, 004742.550, 160
Trd, 004742.570, 153
Trd, 004742.780, 154.0
Trd, 004742.950, 164.0
Trd, 004743.220, 155.0
Trd, 004743.360, 151
Trd, 004743.480, 152.0
Trd, 004743.560, 151
Trd, 004743.620, 159
Trd, 004744.450, 159
Trd, 004744.810, 151.0
Trd, 004747.860, 152
Trd, 004764.320, 161.0
Trd, 004772.400, 159
Trd, 004772.470, 147.0
Trd, 004772.640, 154
Trd, 004772.710, 153
Trd, 004772.800, 160
Trd, 004772.810, 164.0
Trd, 004773.730, 164.0
Trd, 004773.770, 156
Trd, 004773.810, 154
Trd, 004773.860, 165.0
Trd, 004774.000, 161.0
Trd, 004774.020, 151.0
Trd, 004774.410, 167.0
Trd, 004775.300, 158.0
Trd, 004777.520, 149
Trd, 004780.930, 147
Trd, 004799.970, 171
Trd, 004802.310, 147.0
Trd, 004802.320, 167.0
Trd, 004802.440, 161.0
Trd, 004802.720, 164.0
Trd, 004802.790, 161
Trd, 004803.040, 162
Trd, 004803.300, 165.0
Trd, 004803.320, 165.0
Trd, 004803.360, 162
Trd, 004803.480, 160
Trd, 004803.940, 152.0
Trd, 004804.490, 151.0
Trd, 004804.520, 144
Trd, 004804.560, 151
Trd, 004804.570, 159
Trd, 004805.320, 162
Trd, 004832.410, 189.0
Trd, 004832.430, 160
Trd, 004832.480, 158.0
Trd, 004832.620, 174
Trd, 004832.710, 172
Trd, 004832.780, 169
Trd, 004832.820, 161
Trd, 004833.010, 161.0
Trd, 004833.100, 164.0
Trd, 004833.200, 166.0
Trd, 004833.260, 151.0
Trd, 004833.360, 151
Trd, 004833.550, 145.0
Trd, 004834.290, 166
Trd, 004834.340, 159
Trd, 004836.300, 144
Trd, 004847.120, 165.0
Trd, 004862.360, 142
Trd, 004862.570, 159
Trd, 004862.590, 164.0
Trd, 004862.670, 170
Trd, 004862.790, 159
Trd, 004862.810, 153
Trd, 004862.850, 171
Trd, 004863.090, 162
Trd, 004863.300, 151.0
Trd, 004863.420, 167.0
Trd, 004863.750, 154.0
Trd, 004863.840, 151
Trd, 004863.890, 163
Trd, 004863.980, 148
Trd, 004865.170, 150
Trd, 004865.780, 152.0
Trd, 004866.300, 151
Trd, 004881.120, 147
Trd, 004892.450, 132.0
Trd, 004892.740, 148
Trd, 004892.750, 158.0
Trd, 004893.060, 149
Trd, 004893.080, 152.0
Trd, 004893.270, 153
Trd, 004893.300, 142
Trd, 004893.400, 161.0
Trd, 004893.490, 164.0
Trd, 004893.540, 165.0
Trd, 004893.560, 146.0
Trd, 004893.910, 145
Trd, 004894.270, 154.0
Trd, 004894.290, 154
Trd, 004896.680, 147.0
Trd, 004897.170, 145
Trd, 004908.930, 155
Trd, 004917.270, 157
Trd, 004922.400, 156
Trd, 004922.430, 164.0
Trd, 004922.460, 156
Trd, 004922.530, 172
Trd, 004922.660, 163.0
Trd, 004922.770, 161
Trd, 004922.810, 171
Trd, 004922.890, 159
Trd, 004922.980, 152.0
Trd, 004923.010, 164.0
Trd, 004923.090, 164.0
Trd, 004923.150, 163
Trd, 004923.320, 151.0
Trd, 004923.400, 167.0
Trd, 004923.420, 171
Trd, 004927.400, 151
Trd, 004930.070, 158.0
Trd, 004952.440, 147.0
Trd, 004952.500, 135.0
Trd, 004952.540, 150
Trd, 004952.680, 134.0
Trd, 004952.730, 141.0
Trd, 004952.740, 152.0
Trd, 004952.860, 145.0
Trd, 004952.960, 158.0
Trd, 004953.270, 164.0
Trd, 004953.280, 164
Trd, 004953.380, 167.0
Trd, 004953.650, 161.0
Trd, 004954.530, 161
Trd, 004955.000, 154
Trd, 004956.000, 160
Trd, 004960.290, 158
Trd, 004982.400, 141.0
Trd, 004982.460, 179.0
Trd, 004982.520, 157
Trd, 004982.620, 145.0
Trd, 004982.640, 154
Trd, 004982.770, 146
Trd, 004982.920, 147
Trd, 004983.100, 151
Trd, 004983.310, 152.0
Trd, 004983.710, 149
Trd, 004983.770, 154.0
Trd, 004983.900, 158.0
Trd, 004983.980, 161.0
Trd, 004984.220, 164.0
Trd, 004984.600, 167.0
Trd, 004984.960, 164.0
Trd, 004985.780, 152
Trd, 004988.350, 161
Trd, 004994.940, 159
