Trd, 000030.060, 63
Trd, 000030.320, 74
Trd, 000030.420, 91.0
Trd, 000030.500, 79
Trd, 000030.780, 82
Trd, 000031.000, 105
Trd, 000031.120, 90
Trd, 000031.300, 105
Trd, 000032.100, 103
Trd, 000033.120, 103
Trd, 000035.760, 104
Trd, 000036.560, 104
Trd, 000042.160, 108.0
Trd, 000053.920, 114
Trd, 000060.140, 105
Trd, 000060.500, 99
Trd, 000060.700, 104
Trd, 000060.880, 104
Trd, 000060.900, 89
Trd, 000061.620, 95
Trd, 000062.080, 96
Trd, 000062.880, 93
Trd, 000063.440, 91
Trd, 000064.220, 89
Trd, 000069.500, 89
Trd, 000076.580, 108.0
Trd, 000090.220, 87.0
Trd, 000090.580, 86
Trd, 000090.600, 90.0
Trd, 000090.680, 91.0
Trd, 000090.820, 101
Trd, 000091.080, 102
Trd, 000093.040, 97
Trd, 000093.500, 95
Trd, 000094.400, 100
Trd, 000095.500, 101
Trd, 000102.220, 99
Trd, 000102.800, 104
Trd, 000120.780, 116.0
Trd, 000121.100, 87.0
Trd, 000121.480, 107
Trd, 000121.740, 107
Trd, 000121.900, 108.0
Trd, 000122.020, 106
Trd, 000122.540, 88
Trd, 000123.800, 95
Trd, 000123.920, 96
Trd, 000127.240, 94
Trd, 000127.740, 95
Trd, 000131.100, 93
Trd, 000150.200, 95
Trd, 000150.380, 120.0
Trd, 000150.660, 112
Trd, 000151.020, 105
Trd, 000151.120, 87.0
Trd, 000151.380, 81
Trd, 000151.400, 83.0
Trd, 000152.160, 106
Trd, 000153.800, 104
Trd, 000155.280, 105
Trd, 000157.200, 104
Trd, 000170.020, 108.0
Trd, 000180.320, 83.0
Trd, 000180.620, 91
Trd, 000180.720, 96
Trd, 000181.160, 97
Trd, 000181.460, 96
Trd, 000181.800, 92
Trd, 000181.900, 97
Trd, 000182.460, 98
Trd, 000183.540, 98
Trd, 000183.880, 100
Trd, 000184.720, 104
Trd, 000186.740, 108.0
Trd, 000194.640, 99
Trd, 000195.700, 90
Trd, 000210.240, 100
Trd, 000210.360, 50
Trd, 000210.880, 77
Trd, 000210.920, 83.0
Trd, 000211.040, 91.0
Trd, 000211.280, 108.0
Trd, 000211.400, 116.0
Trd, 000212.380, 92
Trd, 000213.600, 89
Trd, 000213.720, 90
Trd, 000214.800, 90.0
Trd, 000216.100, 105
Trd, 000223.220, 90
Trd, 000240.300, 114
Trd, 000240.500, 91.0
Trd, 000240.520, 75
Trd, 000240.560, 104
Trd, 000241.020, 92
Trd, 000241.160, 95
Trd, 000241.640, 95
Trd, 000242.020, 95
Trd, 000243.520, 96
Trd, 000244.440, 101
Trd, 000245.020, 104
Trd, 000245.060, 96
Trd, 000270.320, 91.0
Trd, 000270.620, 95
Trd, 000270.700, 89
Trd, 000270.780, 107.0
Trd, 000271.480, 106.0
Trd, 000271.900, 108.0
Trd, 000272.380, 108
Trd, 000273.780, 107
Trd, 000274.620, 106
Trd, 000276.880, 108
Trd, 000279.100, 109
Trd, 000299.580, 110
Trd, 000300.500, 109
Trd, 000300.780, 133.0
Trd, 000300.800, 120.0
Trd, 000301.020, 82.0
Trd, 000301.140, 82.0
Trd, 000301.180, 81
Trd, 000301.340, 83.0
Trd, 000302.660, 84
Trd, 000303.340, 82
Trd, 000303.440, 84
Trd, 000304.140, 100
Trd, 000305.440, 106
Trd, 000310.180, 108.0
Trd, 000330.360, 54.0
Trd, 000330.780, 133.0
Trd, 000331.120, 124
Trd, 000331.440, 121.0
Trd, 000331.720, 120.0
Trd, 000333.040, 112
Trd, 000334.500, 111
Trd, 000335.380, 109
Trd, 000336.040, 107
Trd, 000337.180, 106
Trd, 000337.460, 105
Trd, 000342.040, 99
Trd, 000342.620, 87.0
Trd, 000360.420, 98
Trd, 000360.580, 105
Trd, 000360.860, 116.0
Trd, 000361.140, 100
Trd, 000361.300, 110
Trd, 000363.000, 105
Trd, 000363.320, 97
Trd, 000363.500, 106
Trd, 000364.460, 107
Trd, 000365.000, 107
Trd, 000367.920, 105
Trd, 000390.900, 102
Trd, 000390.920, 99
Trd, 000391.060, 102
Trd, 000391.680, 98
Trd, 000392.460, 91.0
Trd, 000392.600, 92
Trd, 000393.540, 93
Trd, 000393.560, 90.0
Trd, 000394.000, 100
Trd, 000394.740, 100
Trd, 000398.200, 104
Trd, 000398.660, 108.0
Trd, 000420.560, 106
Trd, 000420.620, 95
Trd, 000420.680, 87.0
Trd, 000420.840, 91.0
Trd, 000421.720, 99
Trd, 000422.240, 99
Trd, 000422.380, 102
Trd, 000422.420, 107
Trd, 000423.080, 104
Trd, 000424.040, 104
Trd, 000424.860, 102
Trd, 000441.540, 108.0
Trd, 000450.560, 104
Trd, 000450.700, 105
Trd, 000450.820, 85
Trd, 000450.940, 91.0
Trd, 000451.060, 106
Trd, 000451.740, 92
Trd, 000452.240, 102
Trd, 000453.680, 95
Trd, 000454.960, 94
Trd, 000456.560, 96
Trd, 000457.840, 92
Trd, 000459.620, 104
Trd, 000480.620, 98
Trd, 000480.840, 90
Trd, 000481.060, 130.0
Trd, 000481.360, 120.0
Trd, 000481.640, 83
Trd, 000482.080, 101
Trd, 000482.440, 105
Trd, 000482.660, 104
Trd, 000484.840, 103
Trd, 000488.460, 103
Trd, 000488.680, 101
Trd, 000491.740, 87.0
Trd, 000510.840, 133.0
Trd, 000510.960, 94
Trd, 000511.300, 106
Trd, 000511.680, 101
Trd, 000511.860, 103
Trd, 000511.880, 104
Trd, 000512.000, 105
Trd, 000512.740, 104
Trd, 000514.300, 102
Trd, 000519.580, 104
Trd, 000520.240, 88
Trd, 000527.300, 108.0
Trd, 000540.700, 92
Trd, 000540.840, 96
Trd, 000541.140, 94
Trd, 000541.300, 87.0
Trd, 000541.500, 96
Trd, 000541.780, 99
Trd, 000542.040, 99
Trd, 000542.880, 99
Trd, 000543.480, 99
Trd, 000545.560, 100
Trd, 000548.040, 105
Trd, 000553.040, 108.0
Trd, 000570.880, 133.0
Trd, 000571.060, 121.0
Trd, 000571.100, 120.0
Trd, 000571.140, 116
Trd, 000571.480, 119
Trd, 000571.840, 104
Trd, 000572.100, 116.0
Trd, 000572.560, 95
Trd, 000573.000, 114
Trd, 000573.520, 114
Trd, 000578.380, 92
Trd, 000579.420, 94
Trd, 000600.780, 91.0
Trd, 000600.820, 118
Trd, 000600.900, 133.0
Trd, 000601.160, 113
Trd, 000601.180, 94
Trd, 000601.720, 96
Trd, 000602.140, 106
Trd, 000602.380, 102
Trd, 000602.620, 105
Trd, 000603.900, 103
Trd, 000615.800, 98
Trd, 000630.900, 133.0
Trd, 000631.120, 116.0
Trd, 000631.220, 109
Trd, 000631.520, 121
Trd, 000631.640, 111
Trd, 000632.300, 108
Trd, 000632.660, 106
Trd, 000633.460, 104
Trd, 000635.280, 96
Trd, 000636.340, 94
Trd, 000637.560, 93
Trd, 000638.500, 87.0
Trd, 000659.360, 100
Trd, 000660.860, 87
Trd, 000661.120, 90.0
Trd, 000661.140, 91.0
Trd, 000661.360, 103
Trd, 000661.400, 104
Trd, 000661.580, 108.0
Trd, 000661.600, 133.0
Trd, 000662.320, 115
Trd, 000662.600, 83
Trd, 000663.400, 97
Trd, 000668.040, 98
Trd, 000668.400, 99
Trd, 000678.240, 99
Trd, 000684.440, 87.0
Trd, 000689.640, 88
Trd, 000690.940, 91.0
Trd, 000691.200, 120.0
Trd, 000691.520, 105
Trd, 000691.960, 133.0
Trd, 000694.880, 127
Trd, 000695.400, 125
Trd, 000696.120, 119
Trd, 000697.760, 116.0
Trd, 000701.180, 117
Trd, 000710.680, 99
Trd, 000711.340, 98
Trd, 000713.860, 100
Trd, 000720.860, 50.0
Trd, 000720.940, 116.0
Trd, 000721.260, 100
Trd, 000721.440, 100
Trd, 000721.740, 91
Trd, 000722.720, 89.0
Trd, 000722.860, 91.0
Trd, 000723.020, 96
Trd, 000726.460, 93
Trd, 000726.720, 95
Trd, 000748.440, 96
Trd, 000751.280, 120.0
Trd, 000751.320, 116.0
Trd, 000751.380, 123
Trd, 000751.520, 132.0
Trd, 000752.040, 107
Trd, 000752.280, 94
Trd, 000752.800, 91
Trd, 000752.900, 119
Trd, 000754.080, 102
Trd, 000781.160, 133.0
Trd, 000781.380, 116.0
Trd, 000781.820, 99
Trd, 000781.840, 109
Trd, 000781.980, 95
Trd, 000782.340, 87.0
Trd, 000782.620, 98
Trd, 000783.480, 95
Trd, 000784.340, 89
Trd, 000784.940, 90
Trd, 000786.280, 95
Trd, 000793.580, 100
Trd, 000798.860, 108.0
Trd, 000811.200, 50.0
Trd, 000811.220, 79.0
Trd, 000811.340, 78
Trd, 000811.520, 71
Trd, 000811.580, 72
Trd, 000811.700, 75
Trd, 000811.740, 83.0
Trd, 000811.940, 91.0
Trd, 000812.160, 95
Trd, 000812.580, 104
Trd, 000812.680, 105
Trd, 000818.040, 116.0
Trd, 000825.800, 110.0
Trd, 000841.200, 83.0
Trd, 000841.320, 91.0
Trd, 000841.340, 90
Trd, 000841.520, 102
Trd, 000841.780, 93
Trd, 000841.940, 108
Trd, 000843.000, 100
Trd, 000844.760, 98
Trd, 000845.100, 100
Trd, 000846.540, 101
Trd, 000850.240, 104
Trd, 000859.920, 101
Trd, 000871.100, 50.0
Trd, 000871.240, 133.0
Trd, 000871.520, 120.0
Trd, 000873.280, 124
Trd, 000873.840, 116.0
Trd, 000874.080, 116
Trd, 000874.220, 113
Trd, 000875.220, 112
Trd, 000875.280, 111
Trd, 000875.620, 108
Trd, 000879.960, 92
Trd, 000880.320, 92
Trd, 000881.000, 91
Trd, 000901.320, 103
Trd, 000901.600, 99
Trd, 000901.760, 102
Trd, 000902.060, 100
Trd, 000902.320, 101
Trd, 000902.740, 104
Trd, 000903.100, 108.0
Trd, 000903.420, 128.0
Trd, 000903.840, 98
Trd, 000903.920, 96
Trd, 000907.440, 120.0
Trd, 000912.540, 89
Trd, 000926.460, 104.0
Trd, 000931.220, 108
Trd, 000931.500, 133.0
Trd, 000931.700, 131
Trd, 000932.220, 119
Trd, 000932.240, 116.0
Trd, 000932.600, 125
Trd, 000933.320, 122.0
Trd, 000933.420, 120.0
Trd, 000935.580, 126
Trd, 000939.300, 99
Trd, 000943.260, 113.0
Trd, 000957.860, 88
Trd, 000959.200, 87.0
Trd, 000961.320, 108
Trd, 000961.440, 103
Trd, 000961.620, 91.0
Trd, 000961.860, 90
Trd, 000961.920, 94
Trd, 000962.220, 87.0
Trd, 000962.760, 92
Trd, 000962.940, 93
Trd, 000963.540, 96
Trd, 000966.680, 102
Trd, 000974.300, 103
Trd, 000991.480, 108
Trd, 000991.640, 99
Trd, 000992.280, 120.0
Trd, 000992.380, 116.0
Trd, 000992.540, 111
Trd, 000992.800, 110
Trd, 000993.380, 109
Trd, 000993.820, 108.0
Trd, 000995.160, 105
Trd, 000996.520, 106
Trd, 001003.500, 98
Trd, 001021.440, 109
Trd, 001021.580, 104
Trd, 001021.640, 104
Trd, 001021.720, 104
Trd, 001021.940, 98
Trd, 001022.240, 116.0
Trd, 001023.040, 107
Trd, 001023.460, 126.0
Trd, 001023.540, 105
Trd, 001027.080, 116.0
Trd, 001028.300, 115.0
Trd, 001031.780, 108
Trd, 001035.700, 90
Trd, 001051.460, 107
Trd, 001051.640, 104
Trd, 001052.120, 123
Trd, 001052.520, 127
Trd, 001052.600, 122
Trd, 001052.820, 133.0
Trd, 001053.340, 117
Trd, 001054.540, 116.0
Trd, 001055.200, 107
Trd, 001059.980, 97
Trd, 001060.720, 97
Trd, 001062.780, 94
Trd, 001068.520, 89
Trd, 001074.160, 87.0
Trd, 001078.960, 91
Trd, 001081.380, 90
Trd, 001081.580, 133.0
Trd, 001081.600, 95
Trd, 001082.020, 101
Trd, 001082.380, 120.0
Trd, 001083.360, 116.0
Trd, 001084.200, 118
Trd, 001087.180, 101
Trd, 001088.440, 98
Trd, 001090.140, 94
Trd, 001092.780, 95
Trd, 001092.800, 100
Trd, 001111.420, 83.0
Trd, 001111.620, 90.0
Trd, 001111.760, 89
Trd, 001111.900, 90.0
Trd, 001112.720, 91.0
Trd, 001112.960, 89.0
Trd, 001113.720, 90
Trd, 001113.980, 92
Trd, 001114.180, 99
Trd, 001114.320, 100
Trd, 001124.320, 92
Trd, 001141.560, 99
Trd, 001141.800, 91.0
Trd, 001141.920, 99
Trd, 001141.940, 101
Trd, 001142.060, 90
Trd, 001142.120, 107
Trd, 001142.340, 89
Trd, 001143.220, 105
Trd, 001143.260, 106.0
Trd, 001145.320, 104.0
Trd, 001156.620, 103
Trd, 001171.460, 103
Trd, 001171.840, 101
Trd, 001172.060, 102
Trd, 001172.080, 98
Trd, 001172.220, 108.0
Trd, 001172.560, 96
Trd, 001172.580, 105
Trd, 001173.100, 95
Trd, 001173.880, 105
Trd, 001174.200, 106
Trd, 001174.720, 99
Trd, 001186.340, 101
Trd, 001201.600, 101
Trd, 001201.760, 106
Trd, 001201.880, 103
Trd, 001202.320, 101
Trd, 001202.460, 99
Trd, 001203.100, 100
Trd, 001203.160, 98
Trd, 001203.180, 101
Trd, 001203.980, 100
Trd, 001212.620, 101
Trd, 001213.860, 98
Trd, 001225.620, 89
Trd, 001231.680, 101
Trd, 001231.800, 81
Trd, 001232.880, 93
Trd, 001233.020, 96
Trd, 001233.060, 92
Trd, 001233.280, 96
Trd, 001233.900, 95
Trd, 001234.360, 96
Trd, 001236.260, 95
Trd, 001236.980, 95
Trd, 001237.440, 105
Trd, 001238.320, 108.0
Trd, 001242.500, 90
Trd, 001261.720, 83.0
Trd, 001261.740, 129.0
Trd, 001261.940, 120.0
Trd, 001261.960, 116.0
Trd, 001262.240, 98
Trd, 001263.360, 107
Trd, 001264.700, 104
Trd, 001266.160, 101
Trd, 001266.340, 102
Trd, 001267.340, 101
Trd, 001268.380, 102
Trd, 001270.600, 102
Trd, 001274.060, 98
Trd, 001291.700, 101
Trd, 001291.740, 91.0
Trd, 001291.960, 100
Trd, 001292.720, 94
Trd, 001292.920, 83.0
Trd, 001293.340, 95
Trd, 001293.360, 87
Trd, 001296.540, 98
Trd, 001297.020, 99
Trd, 001297.960, 100
Trd, 001299.800, 100
Trd, 001299.880, 104
Trd, 001315.940, 108.0
Trd, 001322.040, 87.0
Trd, 001322.120, 85
Trd, 001322.240, 100
Trd, 001322.500, 98
Trd, 001322.540, 91.0
Trd, 001322.940, 99
Trd, 001323.300, 99
Trd, 001323.560, 98
Trd, 001324.180, 100
Trd, 001325.020, 101
Trd, 001329.840, 105
Trd, 001332.160, 100
Trd, 001351.860, 121.0
Trd, 001351.880, 120.0
Trd, 001352.100, 87.0
Trd, 001352.660, 91.0
Trd, 001353.260, 97
Trd, 001353.300, 98
Trd, 001353.440, 100
Trd, 001353.920, 95
Trd, 001355.020, 90
Trd, 001356.940, 91
Trd, 001357.820, 92
Trd, 001365.040, 108.0
Trd, 001381.840, 63
Trd, 001382.060, 91.0
Trd, 001382.200, 102
Trd, 001382.360, 117
Trd, 001382.760, 101
Trd, 001383.000, 104
Trd, 001383.300, 100
Trd, 001383.640, 97
Trd, 001383.800, 98
Trd, 001384.680, 88
Trd, 001388.940, 100
Trd, 001411.920, 82.0
Trd, 001411.940, 83.0
Trd, 001412.000, 83
Trd, 001412.200, 116.0
Trd, 001412.580, 91.0
Trd, 001413.340, 90
Trd, 001413.460, 105
Trd, 001414.800, 100
Trd, 001418.020, 100
Trd, 001424.860, 97
Trd, 001427.080, 95
Trd, 001435.680, 100
Trd, 001441.860, 55.0
Trd, 001441.940, 120.0
Trd, 001442.240, 100
Trd, 001443.100, 97
Trd, 001443.160, 89
Trd, 001443.400, 98
Trd, 001443.860, 99
Trd, 001444.240, 100
Trd, 001445.160, 90
Trd, 001445.820, 91.0
Trd, 001447.540, 104
Trd, 001454.600, 108.0
Trd, 001472.280, 106
Trd, 001472.420, 122
Trd, 001472.620, 102
Trd, 001473.100, 104
Trd, 001473.200, 106
Trd, 001473.320, 107
Trd, 001473.440, 108
Trd, 001474.000, 103
Trd, 001474.660, 106
Trd, 001478.760, 103
Trd, 001482.700, 99
Trd, 001502.040, 133.0
Trd, 001502.420, 116.0
Trd, 001502.620, 104
Trd, 001502.660, 110
Trd, 001502.760, 102
Trd, 001504.360, 89
Trd, 001505.060, 88
Trd, 001505.160, 87
Trd, 001505.380, 88
Trd, 001505.420, 87.0
Trd, 001508.320, 95
Trd, 001509.200, 103
Trd, 001517.680, 89
Trd, 001532.220, 88
Trd, 001532.300, 88.0
Trd, 001532.600, 89.0
Trd, 001532.980, 91.0
Trd, 001533.060, 108.0
Trd, 001533.320, 116.0
Trd, 001534.000, 110
Trd, 001534.080, 113
Trd, 001536.480, 116
Trd, 001541.600, 98
Trd, 001541.800, 100
Trd, 001545.700, 98
Trd, 001562.140, 83.0
Trd, 001562.400, 90.0
Trd, 001562.420, 91.0
Trd, 001563.320, 123
Trd, 001563.960, 123
Trd, 001565.680, 120
Trd, 001565.880, 120.0
Trd, 001568.040, 118
Trd, 001569.680, 116.0
Trd, 001578.520, 114
Trd, 001580.900, 108
Trd, 001580.960, 109
Trd, 001589.920, 103
Trd, 001592.060, 102
Trd, 001592.300, 124
Trd, 001593.120, 120.0
Trd, 001593.540, 122.0
Trd, 001593.900, 122
Trd, 001594.000, 121
Trd, 001595.700, 117
Trd, 001596.320, 117
Trd, 001596.500, 116.0
Trd, 001600.460, 106
Trd, 001610.120, 105
Trd, 001621.360, 99
Trd, 001622.460, 100
Trd, 001622.520, 102
Trd, 001622.720, 99
Trd, 001622.860, 100
Trd, 001622.980, 100
Trd, 001623.000, 102
Trd, 001623.580, 101
Trd, 001624.100, 93
Trd, 001624.180, 96
Trd, 001624.360, 103
Trd, 001626.600, 95
Trd, 001630.040, 90
Trd, 001652.180, 99
Trd, 001652.380, 97
Trd, 001652.720, 63
Trd, 001653.260, 93
Trd, 001653.540, 94
Trd, 001654.060, 87.0
Trd, 001655.440, 91
Trd, 001655.820, 92
Trd, 001656.000, 95
Trd, 001656.100, 101
Trd, 001657.100, 104
Trd, 001659.000, 108.0
Trd, 001663.280, 110
Trd, 001675.060, 113
Trd, 001682.440, 111
Trd, 001682.500, 120.0
Trd, 001682.580, 100
Trd, 001682.620, 87.0
Trd, 001682.640, 111
Trd, 001682.840, 118
Trd, 001682.920, 114
Trd, 001683.220, 94
Trd, 001683.500, 113
Trd, 001683.580, 114
Trd, 001687.660, 113.0
Trd, 001697.280, 97
Trd, 001698.280, 97.0
Trd, 001712.240, 133.0
Trd, 001712.480, 132
Trd, 001712.520, 127
Trd, 001712.980, 121
Trd, 001713.640, 117.0
Trd, 001714.340, 119
Trd, 001714.780, 116.0
Trd, 001714.840, 87
Trd, 001715.780, 87.0
Trd, 001716.800, 87.0
Trd, 001719.440, 91.0
Trd, 001729.700, 97
Trd, 001742.380, 116.0
Trd, 001742.480, 96
Trd, 001743.000, 91.0
Trd, 001743.080, 94
Trd, 001743.120, 95
Trd, 001743.360, 95
Trd, 001743.540, 104
Trd, 001744.260, 91
Trd, 001745.800, 97
Trd, 001750.020, 95
Trd, 001754.700, 104
Trd, 001772.300, 95
Trd, 001772.360, 96
Trd, 001772.460, 91.0
Trd, 001772.860, 121.0
Trd, 001773.260, 120.0
Trd, 001773.320, 116
Trd, 001773.420, 102
Trd, 001773.900, 87.0
Trd, 001775.420, 101
Trd, 001775.860, 103
Trd, 001784.440, 97
Trd, 001787.100, 104
Trd, 001791.960, 87
Trd, 001802.400, 120.0
Trd, 001802.580, 137
Trd, 001802.700, 116.0
Trd, 001802.740, 133.0
Trd, 001802.820, 83
Trd, 001803.480, 108
Trd, 001803.920, 87
Trd, 001804.780, 99
Trd, 001805.660, 99
Trd, 001805.840, 98
Trd, 001807.420, 95
Trd, 001808.400, 94
Trd, 001811.680, 91
Trd, 001832.460, 133.0
Trd, 001832.680, 116.0
Trd, 001832.720, 102
Trd, 001833.140, 107
Trd, 001833.500, 116
Trd, 001833.820, 108
Trd, 001835.100, 101
Trd, 001835.680, 99
Trd, 001836.580, 99
Trd, 001839.560, 94
Trd, 001844.200, 100
Trd, 001859.260, 93
Trd, 001862.480, 120.0
Trd, 001862.500, 70.0
Trd, 001862.600, 93
Trd, 001862.840, 106
Trd, 001863.460, 91.0
Trd, 001864.140, 93
Trd, 001864.260, 94
Trd, 001864.980, 93
Trd, 001865.320, 94
Trd, 001865.440, 95
Trd, 001866.360, 96
Trd, 001867.160, 100
Trd, 001887.100, 108.0
Trd, 001892.560, 100
Trd, 001892.780, 104
Trd, 001892.800, 103
Trd, 001892.960, 116.0
Trd, 001893.020, 102
Trd, 001893.160, 99
Trd, 001893.340, 120.0
Trd, 001895.460, 107
Trd, 001895.860, 107
Trd, 001898.040, 106.0
Trd, 001904.000, 96.0
Trd, 001919.340, 108.0
Trd, 001922.800, 120.0
Trd, 001922.820, 95
Trd, 001923.400, 106
Trd, 001923.540, 87.0
Trd, 001924.260, 98
Trd, 001924.420, 101
Trd, 001924.540, 101
Trd, 001925.440, 104
Trd, 001926.740, 99
Trd, 001927.820, 100
Trd, 001928.280, 99
Trd, 001928.660, 108.0
Trd, 001932.020, 101
Trd, 001941.600, 90
Trd, 001952.740, 83.0
Trd, 001952.760, 91.0
Trd, 001952.920, 81
Trd, 001956.000, 118
Trd, 001956.180, 118
Trd, 001956.900, 116.0
Trd, 001957.140, 104
Trd, 001959.080, 98
Trd, 001959.120, 101
Trd, 001959.760, 102
Trd, 001960.120, 102
Trd, 001962.040, 102
Trd, 001980.920, 104
Trd, 001982.700, 120.0
Trd, 001982.740, 81
Trd, 001982.920, 83.0
Trd, 001983.060, 124
Trd, 001983.460, 127.0
Trd, 001984.280, 110
Trd, 001984.520, 111
Trd, 001985.000, 109
Trd, 001985.500, 101
Trd, 001986.880, 98
Trd, 001988.300, 98
Trd, 001989.580, 98
Trd, 001992.660, 98
Trd, 002008.060, 88
Trd, 002012.720, 120.0
Trd, 002012.780, 107
Trd, 002012.920, 58.0
Trd, 002013.520, 105
Trd, 002013.620, 107
Trd, 002014.080, 127
Trd, 002014.860, 95
Trd, 002015.020, 93
Trd, 002015.320, 123.0
Trd, 002017.400, 104
Trd, 002017.460, 118.0
Trd, 002019.320, 115
Trd, 002028.440, 97
Trd, 002042.120, 90
Trd, 002042.780, 91.0
Trd, 002043.160, 122
Trd, 002043.200, 115
Trd, 002044.140, 100
Trd, 002044.600, 98
Trd, 002045.240, 99
Trd, 002046.280, 99
Trd, 002048.220, 100
Trd, 002048.660, 100
Trd, 002049.820, 100
Trd, 002051.160, 104
Trd, 002072.680, 102
Trd, 002072.800, 71
Trd, 002073.080, 120.0
Trd, 002073.100, 131.0
Trd, 002073.200, 87
Trd, 002074.640, 108
Trd, 002075.120, 112
Trd, 002076.000, 108
Trd, 002076.740, 108
Trd, 002078.340, 101
Trd, 002082.280, 98
Trd, 002086.540, 100
Trd, 002102.900, 107
Trd, 002103.120, 117.0
Trd, 002103.200, 116.0
Trd, 002103.500, 112
Trd, 002103.520, 116
Trd, 002103.580, 103
Trd, 002103.780, 99
Trd, 002104.120, 107
Trd, 002106.440, 99
Trd, 002109.000, 98
Trd, 002110.260, 99
Trd, 002132.760, 133.0
Trd, 002133.160, 98
Trd, 002133.400, 83.0
Trd, 002133.800, 87.0
Trd, 002133.920, 89
Trd, 002134.000, 89
Trd, 002135.140, 88
Trd, 002135.380, 88
Trd, 002135.520, 89
Trd, 002137.480, 96
Trd, 002139.340, 101
Trd, 002140.600, 97
Trd, 002141.700, 108.0
Trd, 002163.040, 133.0
Trd, 002163.240, 116.0
Trd, 002163.280, 88
Trd, 002164.060, 103
Trd, 002164.080, 95
Trd, 002164.260, 105
Trd, 002164.360, 94
Trd, 002165.160, 104
Trd, 002165.340, 98
Trd, 002165.980, 103
Trd, 002169.080, 100
Trd, 002181.940, 104
Trd, 002192.860, 88
Trd, 002192.960, 90.0
Trd, 002193.720, 90.0
Trd, 002193.820, 90.0
Trd, 002193.940, 87.0
Trd, 002194.160, 91.0
Trd, 002194.740, 91
Trd, 002195.420, 89
Trd, 002195.720, 96
Trd, 002196.300, 102
Trd, 002196.380, 104
Trd, 002203.920, 100
Trd, 002207.920, 99
Trd, 002207.980, 108.0
Trd, 002223.280, 83.0
Trd, 002223.560, 91.0
Trd, 002223.640, 103
Trd, 002223.720, 103
Trd, 002224.340, 95
Trd, 002224.920, 95
Trd, 002225.280, 88
Trd, 002225.380, 96
Trd, 002225.720, 99
Trd, 002226.020, 100
Trd, 002226.440, 104
Trd, 002238.140, 95
Trd, 002253.380, 89.0
Trd, 002253.540, 87.0
Trd, 002253.760, 89
Trd, 002253.900, 88
Trd, 002254.100, 91.0
Trd, 002254.140, 102
Trd, 002254.480, 98
Trd, 002255.160, 90
Trd, 002257.020, 95
Trd, 002258.740, 95
Trd, 002259.760, 104
Trd, 002267.940, 108.0
Trd, 002269.480, 102
Trd, 002283.100, 90
Trd, 002283.140, 102
Trd, 002283.300, 96
Trd, 002283.380, 91.0
Trd, 002283.660, 91
Trd, 002284.360, 90
Trd, 002284.580, 95
Trd, 002285.180, 99
Trd, 002285.620, 100
Trd, 002285.660, 100
Trd, 002286.460, 103
Trd, 002288.740, 105
Trd, 002301.880, 108.0
Trd, 002313.320, 124
Trd, 002313.340, 120.0
Trd, 002313.520, 116.0
Trd, 002313.700, 87.0
Trd, 002314.600, 107
Trd, 002314.880, 100
Trd, 002314.900, 101
Trd, 002315.420, 89
Trd, 002315.780, 102
Trd, 002316.640, 107
Trd, 002324.240, 103
Trd, 002338.060, 99
Trd, 002343.140, 116.0
Trd, 002343.340, 126
Trd, 002343.460, 104
Trd, 002343.500, 97
Trd, 002343.680, 115
Trd, 002344.060, 134.0
Trd, 002345.220, 133.0
Trd, 002346.200, 129
Trd, 002349.080, 123
Trd, 002354.560, 106
Trd, 002358.480, 101.0
Trd, 002362.020, 97
Trd, 002369.620, 90
Trd, 002373.220, 133.0
Trd, 002373.280, 87.0
Trd, 002373.820, 118
Trd, 002374.080, 117
Trd, 002374.380, 126
Trd, 002374.660, 120.0
Trd, 002376.020, 116.0
Trd, 002378.160, 111
Trd, 002381.460, 103
Trd, 002382.460, 99
Trd, 002383.060, 101
Trd, 002388.060, 96
Trd, 002403.160, 83.0
Trd, 002404.040, 120.0
Trd, 002404.200, 126
Trd, 002404.420, 124
Trd, 002405.100, 123
Trd, 002405.740, 119
Trd, 002406.040, 116.0
Trd, 002409.580, 102
Trd, 002410.120, 103
Trd, 002412.420, 100
Trd, 002419.020, 100
Trd, 002427.360, 98
Trd, 002433.480, 98
Trd, 002433.540, 99
Trd, 002433.560, 100
Trd, 002433.640, 95
Trd, 002433.700, 101
Trd, 002434.180, 101
Trd, 002435.340, 99
Trd, 002435.860, 100
Trd, 002436.640, 98
Trd, 002437.480, 97
Trd, 002449.100, 104
Trd, 002463.320, 91.0
Trd, 002463.460, 83.0
Trd, 002463.580, 68
Trd, 002463.820, 102
Trd, 002463.920, 129.0
Trd, 002465.280, 101
Trd, 002465.360, 102
Trd, 002465.460, 102
Trd, 002466.260, 100
Trd, 002468.080, 101
Trd, 002473.180, 101
Trd, 002493.280, 88
Trd, 002493.320, 91.0
Trd, 002493.520, 136
Trd, 002493.560, 133.0
Trd, 002493.740, 105
Trd, 002494.060, 116
Trd, 002495.860, 107
Trd, 002496.420, 108.0
Trd, 002496.440, 107
Trd, 002496.540, 95
Trd, 002497.500, 103
Trd, 002502.280, 99
Trd, 002513.160, 99
Trd, 002523.300, 91.0
Trd, 002523.600, 94
Trd, 002523.860, 133.0
Trd, 002523.920, 120.0
Trd, 002524.640, 92
Trd, 002524.780, 106
Trd, 002525.160, 99
Trd, 002525.680, 99
Trd, 002526.760, 99
Trd, 002530.040, 96
Trd, 002531.940, 100
Trd, 002536.500, 89
Trd, 002544.860, 104
Trd, 002553.440, 104
Trd, 002554.080, 103
Trd, 002554.120, 95
Trd, 002554.520, 91.0
Trd, 002554.980, 87.0
Trd, 002555.060, 99
Trd, 002555.680, 100
Trd, 002557.260, 101
Trd, 002557.940, 101
Trd, 002558.400, 101
Trd, 002563.500, 104
Trd, 002563.880, 101
Trd, 002566.620, 99
Trd, 002567.120, 108.0
Trd, 002583.540, 104
Trd, 002584.560, 121
Trd, 002584.840, 119
Trd, 002585.200, 119
Trd, 002585.540, 116.0
Trd, 002585.560, 117
Trd, 002585.620, 108
Trd, 002586.100, 112
Trd, 002586.360, 112
Trd, 002589.280, 106
Trd, 002609.980, 104
Trd, 002610.620, 99
Trd, 002613.500, 91
Trd, 002613.520, 85
Trd, 002613.940, 91.0
Trd, 002614.360, 96
Trd, 002614.480, 98
Trd, 002615.600, 97
Trd, 002616.280, 94
Trd, 002616.640, 95
Trd, 002616.880, 96
Trd, 002617.380, 94
Trd, 002617.860, 100
Trd, 002618.580, 104
Trd, 002621.240, 108.0
Trd, 002643.640, 96
Trd, 002643.700, 91
Trd, 002643.820, 97
Trd, 002644.080, 94
Trd, 002644.440, 90
Trd, 002644.940, 88.0
Trd, 002645.060, 97
Trd, 002647.100, 97
Trd, 002647.460, 98
Trd, 002648.840, 100
Trd, 002649.860, 104
Trd, 002650.040, 108.0
Trd, 002673.540, 120.0
Trd, 002673.980, 109
Trd, 002674.180, 108
Trd, 002674.920, 101
Trd, 002675.140, 102
Trd, 002675.200, 103
Trd, 002675.380, 105
Trd, 002676.840, 101
Trd, 002677.880, 103
Trd, 002683.300, 95
Trd, 002685.860, 104
Trd, 002703.640, 103
Trd, 002703.680, 104
Trd, 002703.820, 55.0
Trd, 002704.180, 91.0
Trd, 002704.300, 130.0
Trd, 002704.660, 101
Trd, 002704.840, 108
Trd, 002704.880, 110
Trd, 002705.420, 109
Trd, 002707.860, 101
Trd, 002708.260, 105
Trd, 002733.600, 98
Trd, 002733.700, 105
Trd, 002734.300, 121.0
Trd, 002734.340, 120.0
Trd, 002734.620, 115
Trd, 002735.000, 119
Trd, 002736.160, 110
Trd, 002736.340, 113
Trd, 002738.140, 108
Trd, 002738.680, 107
Trd, 002742.860, 102
Trd, 002746.440, 87
Trd, 002748.460, 87.0
Trd, 002763.760, 116.0
Trd, 002763.880, 133.0
Trd, 002764.300, 120.0
Trd, 002764.340, 106
Trd, 002765.060, 112
Trd, 002765.920, 106
Trd, 002767.300, 103
Trd, 002768.280, 103
Trd, 002770.640, 102
Trd, 002773.220, 100
Trd, 002775.000, 104
Trd, 002793.660, 100
Trd, 002793.840, 103
Trd, 002793.860, 102
Trd, 002793.940, 104
Trd, 002794.060, 91.0
Trd, 002794.780, 104
Trd, 002795.080, 124.0
Trd, 002795.440, 120.0
Trd, 002795.460, 116.0
Trd, 002797.480, 117.0
Trd, 002800.500, 110.0
Trd, 002808.820, 98
Trd, 002823.020, 87.0
Trd, 002823.780, 96
Trd, 002823.960, 60
Trd, 002824.160, 91.0
Trd, 002824.280, 86
Trd, 002824.300, 100
Trd, 002824.760, 80
Trd, 002824.920, 81.0
Trd, 002825.300, 83.0
Trd, 002825.400, 84
Trd, 002827.620, 101
Trd, 002828.920, 104
Trd, 002835.360, 108.0
Trd, 002848.040, 110
Trd, 002853.840, 120.0
Trd, 002854.020, 107
Trd, 002854.060, 97
Trd, 002855.200, 89.0
Trd, 002855.220, 91
Trd, 002855.980, 88.0
Trd, 002856.200, 91.0
Trd, 002856.480, 93
Trd, 002856.940, 95
Trd, 002857.760, 100
Trd, 002883.780, 96
Trd, 002883.820, 95
Trd, 002884.180, 98
Trd, 002884.540, 94
Trd, 002884.560, 102
Trd, 002884.740, 102
Trd, 002884.760, 103
Trd, 002884.940, 93
Trd, 002885.240, 100
Trd, 002885.600, 102
Trd, 002886.880, 104
Trd, 002913.900, 104
Trd, 002914.140, 101
Trd, 002914.160, 102
Trd, 002914.340, 102
Trd, 002914.440, 103
Trd, 002914.640, 100
Trd, 002914.780, 99
Trd, 002915.040, 104
Trd, 002915.760, 91.0
Trd, 002917.460, 100
Trd, 002926.720, 94
Trd, 002935.760, 87
Trd, 002938.120, 87.0
Trd, 002944.240, 96
Trd, 002944.400, 99
Trd, 002944.520, 100
Trd, 002944.740, 100
Trd, 002945.120, 99
Trd, 002945.700, 98
Trd, 002945.840, 97
Trd, 002946.040, 100
Trd, 002946.220, 100
Trd, 002947.620, 104
Trd, 002948.860, 98
Trd, 002965.800, 91
Trd, 002973.880, 50.0
Trd, 002974.020, 97
Trd, 002974.600, 133.0
Trd, 002976.740, 127
Trd, 002977.100, 120.0
Trd, 002977.580, 120
Trd, 002977.840, 116.0
Trd, 002983.260, 109
Trd, 002987.660, 107
Trd, 002997.820, 107
Trd, 003002.400, 99
Trd, 003004.000, 91.0
Trd, 003004.060, 116.0
Trd, 003004.160, 133.0
Trd, 003004.560, 132
Trd, 003005.060, 120.0
Trd, 003005.260, 121
Trd, 003006.220, 102
Trd, 003008.480, 99
Trd, 003011.620, 98
Trd, 003015.360, 97
Trd, 003017.280, 101
Trd, 003034.040, 90
Trd, 003034.160, 91.0
Trd, 003034.340, 102
Trd, 003034.380, 103
Trd, 003034.960, 97
Trd, 003035.140, 95
Trd, 003035.860, 101
Trd, 003036.320, 94
Trd, 003037.000, 102
Trd, 003038.080, 102
Trd, 003039.580, 108.0
Trd, 003054.920, 99
Trd, 003058.680, 87.0
Trd, 003064.040, 98
Trd, 003064.300, 133.0
Trd, 003064.440, 120.0
Trd, 003064.580, 95
Trd, 003065.060, 112
Trd, 003065.120, 117
Trd, 003065.700, 111
Trd, 003065.940, 110
Trd, 003066.320, 108
Trd, 003069.340, 100
Trd, 003071.180, 99
Trd, 003089.900, 100
Trd, 003091.240, 90
Trd, 003094.080, 133.0
Trd, 003094.260, 116.0
Trd, 003094.940, 111
Trd, 003095.160, 107
Trd, 003095.380, 111
Trd, 003095.820, 109
Trd, 003096.500, 108
Trd, 003097.400, 108
Trd, 003097.460, 108
Trd, 003097.940, 108
Trd, 003106.540, 102
Trd, 003124.120, 133.0
Trd, 003124.160, 120.0
Trd, 003125.260, 109
Trd, 003125.420, 108
Trd, 003125.520, 106
Trd, 003125.660, 89
Trd, 003125.940, 106
Trd, 003126.260, 104
Trd, 003128.980, 97
Trd, 003133.440, 95
Trd, 003136.000, 94
Trd, 003142.720, 90
Trd, 003154.160, 139
Trd, 003154.260, 115
Trd, 003154.800, 108
Trd, 003154.840, 110
Trd, 003154.900, 112
Trd, 003155.000, 111
Trd, 003155.480, 102
Trd, 003156.200, 101
Trd, 003156.320, 88.0
Trd, 003157.780, 96
Trd, 003162.080, 93
Trd, 003184.180, 83.0
Trd, 003184.780, 90.0
Trd, 003184.860, 90.0
Trd, 003185.060, 91.0
Trd, 003185.080, 94
Trd, 003185.400, 95
Trd, 003186.780, 98
Trd, 003187.140, 97
Trd, 003187.920, 94
Trd, 003189.020, 101
Trd, 003189.240, 104
Trd, 003204.820, 108.0
Trd, 003214.200, 67
Trd, 003214.440, 83.0
Trd, 003214.760, 91.0
Trd, 003214.800, 106
Trd, 003215.000, 106
Trd, 003215.420, 99
Trd, 003215.680, 102
Trd, 003216.180, 101
Trd, 003216.460, 101
Trd, 003220.580, 98
Trd, 003223.280, 97
Trd, 003244.260, 133.0
Trd, 003244.440, 123
Trd, 003244.980, 111
Trd, 003245.300, 120.0
Trd, 003245.980, 115
Trd, 003246.180, 116
Trd, 003246.340, 117
Trd, 003246.420, 112
Trd, 003250.900, 109
Trd, 003255.100, 108
Trd, 003274.380, 108
Trd, 003274.500, 107
Trd, 003274.560, 108
Trd, 003274.960, 108
Trd, 003275.400, 103
Trd, 003275.700, 94
Trd, 003275.880, 103
Trd, 003276.660, 91.0
Trd, 003278.340, 92
Trd, 003279.440, 92
Trd, 003280.600, 97
Trd, 003284.240, 104
Trd, 003292.840, 90
Trd, 003304.340, 133.0
Trd, 003304.780, 120.0
Trd, 003306.220, 119
Trd, 003306.280, 116.0
Trd, 003306.420, 114
Trd, 003307.060, 90
Trd, 003308.180, 103
Trd, 003308.380, 104
Trd, 003311.660, 94
Trd, 003314.300, 92
Trd, 003317.440, 92
Trd, 003321.100, 90
Trd, 003324.340, 108.0
Trd, 003334.740, 99
Trd, 003334.800, 98
Trd, 003334.860, 100
Trd, 003334.980, 101
Trd, 003335.380, 99
Trd, 003335.400, 101
Trd, 003335.940, 101
Trd, 003336.240, 98
Trd, 003338.160, 101
Trd, 003339.560, 104
Trd, 003348.180, 97
Trd, 003364.520, 103
Trd, 003364.580, 100
Trd, 003364.660, 104
Trd, 003364.700, 64
Trd, 003364.820, 91
Trd, 003364.920, 108
Trd, 003365.620, 127
Trd, 003366.280, 126
Trd, 003366.780, 120.0
Trd, 003367.780, 121.0
Trd, 003372.620, 120.0
Trd, 003379.160, 98
Trd, 003394.460, 120.0
Trd, 003394.540, 109
Trd, 003394.600, 133.0
Trd, 003394.720, 98
Trd, 003395.280, 127
Trd, 003395.380, 105
Trd, 003396.540, 116.0
Trd, 003397.980, 96
Trd, 003398.500, 96
Trd, 003398.680, 97
Trd, 003399.960, 99
Trd, 003400.380, 100
Trd, 003420.980, 108.0
Trd, 003424.480, 133.0
Trd, 003424.900, 140
Trd, 003425.200, 136
Trd, 003425.620, 116.0
Trd, 003426.340, 96
Trd, 003426.600, 99
Trd, 003427.120, 95
Trd, 003427.980, 93
Trd, 003428.380, 93
Trd, 003428.520, 94
Trd, 003435.340, 90
Trd, 003454.620, 77
Trd, 003454.700, 83.0
Trd, 003454.740, 83
Trd, 003455.060, 81
Trd, 003455.140, 96
Trd, 003455.260, 97
Trd, 003455.560, 104
Trd, 003456.120, 91.0
Trd, 003457.080, 100
Trd, 003459.680, 99
Trd, 003459.940, 91.0
Trd, 003464.760, 101
Trd, 003484.560, 100
Trd, 003485.180, 97
Trd, 003485.460, 114
Trd, 003485.500, 133.0
Trd, 003486.020, 116.0
Trd, 003486.280, 107
Trd, 003486.660, 95
Trd, 003488.200, 102
Trd, 003489.240, 101
Trd, 003491.960, 98
Trd, 003497.340, 91
Trd, 003499.340, 89
Trd, 003501.600, 92
Trd, 003505.100, 104
Trd, 003513.120, 87.0
Trd, 003515.040, 90
Trd, 003515.200, 94
Trd, 003515.260, 89.0
Trd, 003515.320, 93
Trd, 003515.560, 88.0
Trd, 003516.140, 90.0
Trd, 003516.380, 90
Trd, 003517.660, 91.0
Trd, 003518.700, 96
Trd, 003519.020, 101
Trd, 003520.580, 91
Trd, 003522.500, 104
Trd, 003545.420, 95
Trd, 003545.480, 96
Trd, 003545.820, 96
Trd, 003545.920, 93
Trd, 003546.260, 96
Trd, 003546.380, 98
Trd, 003546.560, 100
Trd, 003546.580, 93
Trd, 003546.600, 100
Trd, 003548.960, 100
Trd, 003550.560, 104
Trd, 003563.320, 95
Trd, 003574.900, 91.0
Trd, 003575.100, 106
Trd, 003576.200, 126.0
Trd, 003576.500, 122.0
Trd, 003577.020, 120.0
Trd, 003577.720, 124
Trd, 003579.320, 121
Trd, 003583.300, 119
Trd, 003583.980, 104
Trd, 003585.000, 110
Trd, 003590.640, 106
Trd, 003604.880, 106
Trd, 003605.420, 99
Trd, 003605.460, 102
Trd, 003605.560, 105
Trd, 003605.620, 98
Trd, 003606.900, 95
Trd, 003607.120, 100
Trd, 003607.180, 96
Trd, 003607.560, 101
Trd, 003610.880, 97
Trd, 003614.360, 95
Trd, 003623.200, 108.0
Trd, 003624.620, 101
Trd, 003634.800, 116.0
Trd, 003635.180, 112
Trd, 003635.240, 100
Trd, 003635.520, 111
Trd, 003635.600, 111
Trd, 003636.240, 98
Trd, 003636.380, 108
Trd, 003636.860, 106
Trd, 003637.500, 96
Trd, 003638.700, 102
Trd, 003640.440, 99
Trd, 003640.960, 100
Trd, 003643.900, 101
Trd, 003664.800, 100
Trd, 003665.280, 116.0
Trd, 003665.420, 121.0
Trd, 003666.080, 133.0
Trd, 003666.460, 122
Trd, 003669.740, 121
Trd, 003670.160, 120.0
Trd, 003672.720, 108
Trd, 003674.600, 104
Trd, 003678.760, 100
Trd, 003680.220, 100
Trd, 003685.000, 97
Trd, 003695.080, 98
Trd, 003695.220, 100
Trd, 003695.480, 98
Trd, 003695.680, 98
Trd, 003696.180, 98
Trd, 003696.260, 99
Trd, 003696.560, 97
Trd, 003696.580, 100
Trd, 003697.140, 108.0
Trd, 003697.400, 117
Trd, 003700.540, 99
Trd, 003710.220, 102
Trd, 003724.860, 116.0
Trd, 003725.520, 91.0
Trd, 003725.540, 98
Trd, 003725.680, 100
Trd, 003725.760, 101
Trd, 003725.780, 106
Trd, 003725.800, 108.0
Trd, 003726.120, 94
Trd, 003726.840, 108
Trd, 003728.480, 103
Trd, 003729.660, 103
Trd, 003754.920, 63
Trd, 003755.060, 83.0
Trd, 003755.480, 87.0
Trd, 003755.520, 103
Trd, 003755.640, 104
Trd, 003756.160, 96
Trd, 003756.760, 96
Trd, 003756.940, 100
Trd, 003757.600, 102
Trd, 003757.740, 104
Trd, 003758.160, 96
Trd, 003769.760, 108.0
Trd, 003771.420, 106
Trd, 003773.240, 110
Trd, 003785.040, 133.0
Trd, 003785.800, 109
Trd, 003785.820, 108
Trd, 003785.900, 110
Trd, 003786.040, 108
Trd, 003786.380, 103
Trd, 003786.640, 106
Trd, 003788.760, 101
Trd, 003789.000, 101
Trd, 003789.480, 99
Trd, 003793.180, 101
Trd, 003796.320, 104
Trd, 003799.440, 108.0
Trd, 003815.180, 87
Trd, 003815.260, 105
Trd, 003815.500, 107
Trd, 003815.600, 91
Trd, 003815.980, 132.0
Trd, 003817.600, 117.0
Trd, 003817.820, 120
Trd, 003818.880, 118
Trd, 003819.640, 118
Trd, 003821.960, 116.0
Trd, 003829.760, 117
Trd, 003832.680, 116
Trd, 003833.300, 104
Trd, 003845.480, 111
Trd, 003845.600, 113
Trd, 003845.760, 111
Trd, 003846.020, 110
Trd, 003846.180, 104
Trd, 003846.460, 104
Trd, 003846.640, 104
Trd, 003846.820, 95
Trd, 003848.540, 101
Trd, 003850.340, 101
Trd, 003850.660, 102
Trd, 003854.540, 101
Trd, 003875.360, 87.0
Trd, 003875.440, 91.0
Trd, 003875.460, 100
Trd, 003875.800, 97
Trd, 003876.000, 94
Trd, 003876.340, 92
Trd, 003876.440, 99
Trd, 003876.520, 100
Trd, 003877.140, 92
Trd, 003877.520, 102
Trd, 003881.920, 100
Trd, 003883.400, 104
Trd, 003885.760, 108.0
Trd, 003905.320, 117.0
Trd, 003905.460, 116.0
Trd, 003905.660, 93
Trd, 003906.000, 110
Trd, 003906.360, 107
Trd, 003906.480, 107
Trd, 003907.480, 98
Trd, 003907.580, 100
Trd, 003908.160, 101
Trd, 003908.340, 102
Trd, 003909.720, 103
Trd, 003910.460, 104
Trd, 003935.300, 61
Trd, 003935.400, 103
Trd, 003935.480, 104
Trd, 003935.580, 106
Trd, 003935.700, 107
Trd, 003935.800, 133.0
Trd, 003935.820, 105
Trd, 003936.360, 119
Trd, 003937.080, 97
Trd, 003937.840, 111
Trd, 003942.240, 102
Trd, 003945.080, 102
Trd, 003965.220, 97
Trd, 003965.600, 88.0
Trd, 003966.360, 127.0
Trd, 003966.760, 111
Trd, 003966.860, 107
Trd, 003967.480, 120.0
Trd, 003972.780, 101
Trd, 003972.820, 101
Trd, 003973.380, 102
Trd, 003973.880, 99
Trd, 003976.300, 98
Trd, 003995.600, 116.0
Trd, 003995.620, 108
Trd, 003995.900, 106
Trd, 003996.100, 98
Trd, 003996.360, 96
Trd, 003996.760, 105
Trd, 003997.280, 102
Trd, 003998.140, 103
Trd, 003998.820, 102
Trd, 003999.880, 90.0
Trd, 004000.540, 91.0
Trd, 004008.900, 104
Trd, 004025.260, 83.0
Trd, 004026.080, 120.0
Trd, 004027.440, 118
Trd, 004027.480, 119
Trd, 004027.800, 116.0
Trd, 004027.920, 115
Trd, 004027.960, 108
Trd, 004029.540, 116
Trd, 004031.480, 109
Trd, 004034.100, 108
Trd, 004034.980, 107
Trd, 004055.660, 133.0
Trd, 004055.920, 108
Trd, 004056.000, 109
Trd, 004056.060, 110
Trd, 004056.440, 107
Trd, 004056.560, 108
Trd, 004056.980, 91.0
Trd, 004059.620, 89
Trd, 004059.980, 89
Trd, 004060.300, 91
Trd, 004061.320, 93
Trd, 004062.640, 96
Trd, 004085.440, 97
Trd, 004085.560, 90.0
Trd, 004085.580, 91.0
Trd, 004085.720, 102
Trd, 004086.180, 102
Trd, 004086.280, 104
Trd, 004086.460, 91
Trd, 004086.480, 108.0
Trd, 004087.380, 92
Trd, 004089.880, 92
Trd, 004089.900, 93
Trd, 004098.900, 91
Trd, 004112.520, 93
Trd, 004115.500, 80
Trd, 004115.600, 82.0
Trd, 004115.680, 83.0
Trd, 004115.760, 87.0
Trd, 004115.840, 91.0
Trd, 004116.100, 119
Trd, 004117.160, 110
Trd, 004118.860, 106
Trd, 004118.940, 107
Trd, 004119.600, 107
Trd, 004120.780, 107
Trd, 004122.380, 105
Trd, 004128.880, 102
Trd, 004145.900, 89.0
Trd, 004145.920, 88
Trd, 004145.960, 90.0
Trd, 004145.980, 88
Trd, 004146.080, 91.0
Trd, 004146.300, 95
Trd, 004146.380, 101
Trd, 004146.960, 98
Trd, 004147.480, 104
Trd, 004149.680, 101
Trd, 004150.920, 102
Trd, 004152.820, 108.0
Trd, 004154.580, 100
Trd, 004163.300, 99
Trd, 004175.520, 83.0
Trd, 004175.780, 104
Trd, 004176.120, 104
Trd, 004176.480, 101
Trd, 004176.740, 91
Trd, 004176.920, 99
Trd, 004177.480, 99
Trd, 004177.600, 103
Trd, 004178.280, 95
Trd, 004179.360, 100
Trd, 004180.760, 105
Trd, 004194.680, 108.0
Trd, 004205.440, 133.0
Trd, 004205.780, 129
Trd, 004205.900, 125
Trd, 004206.060, 120.0
Trd, 004206.600, 112
Trd, 004207.080, 118
Trd, 004207.880, 118
Trd, 004208.140, 118
Trd, 004209.000, 116.0
Trd, 004209.520, 117
Trd, 004212.500, 108
Trd, 004219.360, 104
Trd, 004235.580, 102
Trd, 004235.940, 113
Trd, 004235.980, 108
Trd, 004236.040, 106
Trd, 004236.160, 114
Trd, 004236.440, 111
Trd, 004236.580, 105
Trd, 004237.120, 109
Trd, 004238.080, 101
Trd, 004239.600, 102
Trd, 004241.440, 102
Trd, 004242.080, 102
Trd, 004265.520, 83.0
Trd, 004265.680, 120.0
Trd, 004266.220, 107
Trd, 004266.740, 130
Trd, 004266.840, 132.0
Trd, 004269.180, 120
Trd, 004269.440, 119
Trd, 004270.740, 116.0
Trd, 004275.320, 113
Trd, 004276.240, 111
Trd, 004277.020, 108
Trd, 004285.100, 111
Trd, 004295.640, 81.0
Trd, 004295.760, 81.0
Trd, 004295.820, 80
Trd, 004296.000, 82.0
Trd, 004296.020, 83.0
Trd, 004296.160, 116
Trd, 004296.380, 112
Trd, 004297.400, 125
Trd, 004298.120, 124
Trd, 004299.300, 121
Trd, 004308.500, 123
Trd, 004309.520, 116.0
Trd, 004325.840, 108
Trd, 004325.900, 108
Trd, 004325.920, 95
Trd, 004326.040, 120.0
Trd, 004326.380, 120
Trd, 004326.420, 121
Trd, 004327.160, 128
Trd, 004329.160, 116
Trd, 004329.260, 116.0
Trd, 004332.120, 113
Trd, 004332.980, 112
Trd, 004333.820, 108
Trd, 004355.720, 107
Trd, 004355.880, 116
Trd, 004356.040, 109
Trd, 004356.120, 95
Trd, 004356.480, 109
Trd, 004356.920, 110
Trd, 004357.840, 89
Trd, 004358.980, 90.0
Trd, 004359.000, 91.0
Trd, 004360.300, 97
Trd, 004362.740, 100
Trd, 004369.800, 108.0
Trd, 004371.900, 116
Trd, 004385.840, 107
Trd, 004385.940, 108
Trd, 004386.000, 105
Trd, 004386.280, 130
Trd, 004386.500, 112
Trd, 004387.620, 109
Trd, 004387.680, 112
Trd, 004389.180, 104
Trd, 004389.360, 110
Trd, 004389.520, 111
Trd, 004393.740, 107
Trd, 004403.120, 100
Trd, 004403.920, 99
Trd, 004407.840, 95
Trd, 004415.600, 116.0
Trd, 004416.240, 101
Trd, 004416.460, 91.0
Trd, 004416.480, 102
Trd, 004416.860, 89
Trd, 004416.960, 97
Trd, 004417.020, 100
Trd, 004417.720, 93
Trd, 004417.760, 92
Trd, 004417.940, 92
Trd, 004417.960, 89
Trd, 004419.540, 92
Trd, 004423.060, 96
Trd, 004439.620, 104
Trd, 004445.700, 101
Trd, 004445.880, 113
Trd, 004446.100, 110
Trd, 004446.220, 116.0
Trd, 004446.280, 131
Trd, 004446.520, 120.0
Trd, 004446.860, 121
Trd, 004446.940, 108
Trd, 004447.480, 114
Trd, 004448.640, 112
Trd, 004450.060, 104
Trd, 004452.680, 99
Trd, 004453.540, 102
Trd, 004461.640, 95
Trd, 004475.680, 112
Trd, 004475.860, 99
Trd, 004476.120, 133.0
Trd, 004476.220, 116.0
Trd, 004476.280, 111
Trd, 004476.600, 139
Trd, 004477.100, 116
Trd, 004477.160, 117
Trd, 004478.440, 108
Trd, 004478.940, 104
Trd, 004479.000, 105
Trd, 004479.940, 105
Trd, 004481.840, 96
Trd, 004483.860, 95
Trd, 004505.720, 99
Trd, 004505.980, 107
Trd, 004506.340, 120.0
Trd, 004506.600, 104
Trd, 004506.820, 107
Trd, 004506.940, 116
Trd, 004507.080, 99
Trd, 004507.260, 97
Trd, 004507.940, 120
Trd, 004508.260, 111
Trd, 004511.180, 112
Trd, 004512.260, 111
Trd, 004514.140, 109
Trd, 004521.600, 95
Trd, 004534.340, 90
Trd, 004535.740, 116.0
Trd, 004535.920, 134.0
Trd, 004536.000, 133.0
Trd, 004536.260, 91
Trd, 004536.820, 120.0
Trd, 004537.100, 119
Trd, 004537.340, 116
Trd, 004538.900, 112
Trd, 004540.160, 108
Trd, 004540.720, 108
Trd, 004541.740, 106
Trd, 004550.380, 107
Trd, 004566.080, 133.0
Trd, 004566.360, 120.0
Trd, 004566.440, 116.0
Trd, 004566.680, 112
Trd, 004566.720, 108
Trd, 004567.120, 109
Trd, 004568.200, 108
Trd, 004568.440, 106
Trd, 004569.020, 104
Trd, 004569.360, 103
Trd, 004569.720, 102
Trd, 004575.500, 101
Trd, 004595.800, 50.0
Trd, 004595.840, 54
Trd, 004596.140, 90.0
Trd, 004596.340, 91.0
Trd, 004596.480, 87.0
Trd, 004597.080, 91
Trd, 004597.760, 91
Trd, 004598.340, 91
Trd, 004599.200, 90
Trd, 004600.340, 91
Trd, 004600.960, 96
Trd, 004603.300, 101
Trd, 004610.220, 104
Trd, 004625.980, 116.0
Trd, 004626.040, 108
Trd, 004626.180, 110
Trd, 004626.400, 109
Trd, 004626.420, 108
Trd, 004626.840, 103
Trd, 004627.360, 103
Trd, 004627.520, 104
Trd, 004627.700, 102
Trd, 004628.420, 99
Trd, 004628.940, 103
Trd, 004631.860, 99
Trd, 004633.500, 96
Trd, 004655.840, 116.0
Trd, 004655.920, 113
Trd, 004655.960, 112
Trd, 004656.200, 82.0
Trd, 004656.320, 83.0
Trd, 004656.840, 91
Trd, 004657.100, 93
Trd, 004657.560, 93
Trd, 004658.100, 102
Trd, 004658.660, 104
Trd, 004658.880, 107.0
Trd, 004660.760, 102
Trd, 004666.600, 99.0
Trd, 004685.760, 50.0
Trd, 004685.800, 80
Trd, 004685.920, 98
Trd, 004686.180, 116.0
Trd, 004686.840, 131
Trd, 004687.880, 121.0
Trd, 004689.140, 120.0
Trd, 004690.760, 112
Trd, 004692.000, 107
Trd, 004693.600, 99
Trd, 004697.180, 100
Trd, 004697.820, 95
Trd, 004698.200, 95
Trd, 004698.580, 95
Trd, 004715.860, 83.0
Trd, 004716.000, 90.0
Trd, 004716.200, 90.0
Trd, 004716.260, 86
Trd, 004716.320, 85
Trd, 004716.340, 91.0
Trd, 004716.420, 99
Trd, 004716.540, 101
Trd, 004717.060, 100
Trd, 004717.160, 104
Trd, 004718.000, 90
Trd, 004718.100, 104
Trd, 004723.680, 98.0
Trd, 004724.460, 102
Trd, 004745.800, 50.0
Trd, 004746.080, 86
Trd, 004746.220, 88
Trd, 004746.500, 89.0
Trd, 004746.520, 90
Trd, 004747.080, 89.0
Trd, 004747.240, 87
Trd, 004747.320, 91.0
Trd, 004747.760, 94
Trd, 004747.840, 95
Trd, 004752.320, 93
Trd, 004775.800, 120.0
Trd, 004775.960, 103
Trd, 004776.060, 107
Trd, 004776.200, 110
Trd, 004776.240, 87.0
Trd, 004776.400, 84
Trd, 004777.300, 97
Trd, 004777.400, 98
Trd, 004777.460, 105
Trd, 004777.720, 108.0
Trd, 004780.320, 93
Trd, 004781.440, 109
Trd, 004786.580, 101
Trd, 004790.240, 99
Trd, 004805.900, 112
Trd, 004805.960, 116.0
Trd, 004806.120, 134.0
Trd, 004806.360, 134
Trd, 004806.680, 133.0
Trd, 004806.780, 120.0
Trd, 004807.180, 126
Trd, 004808.840, 112
Trd, 004810.160, 108
Trd, 004810.420, 109
Trd, 004811.040, 104
Trd, 004812.440, 104
Trd, 004820.700, 97
Trd, 004835.880, 133.0
Trd, 004836.120, 136
Trd, 004836.160, 125
Trd, 004836.280, 124
Trd, 004836.740, 120.0
Trd, 004837.040, 116.0
Trd, 004837.520, 108
Trd, 004838.540, 111
Trd, 004838.680, 111
Trd, 004839.200, 109
Trd, 004840.540, 107
Trd, 004843.920, 103
Trd, 004852.040, 99
Trd, 004865.980, 100
Trd, 004866.260, 83.0
Trd, 004866.300, 101
Trd, 004866.480, 102
Trd, 004866.660, 91.0
Trd, 004867.040, 92
Trd, 004867.160, 87.0
Trd, 004867.340, 95
Trd, 004867.760, 94
Trd, 004867.820, 96
Trd, 004867.840, 102
Trd, 004867.940, 84
Trd, 004870.740, 105
Trd, 004895.880, 106
Trd, 004895.940, 120.0
Trd, 004896.140, 87.0
Trd, 004896.240, 93
Trd, 004896.640, 112
Trd, 004897.020, 91
Trd, 004897.340, 96
Trd, 004897.860, 92
Trd, 004898.380, 92
Trd, 004898.820, 93
Trd, 004900.920, 93
Trd, 004902.140, 100
Trd, 004903.460, 105
Trd, 004904.620, 108.0
Trd, 004926.080, 117
Trd, 004926.280, 120.0
Trd, 004926.420, 116.0
Trd, 004926.500, 111
Trd, 004926.800, 108
Trd, 004927.200, 110
Trd, 004927.640, 108
Trd, 004928.040, 107
Trd, 004928.400, 104
Trd, 004928.560, 108
Trd, 004929.020, 107
Trd, 004930.460, 103
Trd, 004956.120, 133.0
Trd, 004956.200, 120.0
Trd, 004956.340, 103
Trd, 004956.400, 114
Trd, 004956.480, 114
Trd, 004956.980, 111
Trd, 004957.220, 109
Trd, 004957.520, 106
Trd, 004957.660, 103
Trd, 004958.860, 103
Trd, 004958.980, 104
Trd, 004960.700, 103
Trd, 004966.700, 99
Trd, 004986.080, 91.0
Trd, 004986.360, 120.0
Trd, 004986.600, 130
Trd, 004987.980, 117.0
Trd, 004988.320, 116.0
Trd, 004988.560, 108
Trd, 004989.100, 108
Trd, 004989.660, 107
Trd, 004990.960, 105
Trd, 004991.380, 104
Trd, 004991.780, 104
Trd, 004994.200, 102
