Trd, 000030.040, 97.0
Trd, 000030.090, 159
Trd, 000030.240, 108
Trd, 000030.540, 112
Trd, 000030.660, 140.0
Trd, 000030.750, 106
Trd, 000030.840, 105
Trd, 000030.880, 106
Trd, 000030.900, 104
Trd, 000030.960, 134.0
Trd, 000030.990, 104
Trd, 000031.230, 154
Trd, 000031.630, 154
Trd, 000031.840, 145
Trd, 000031.880, 165.0
Trd, 000032.350, 173
Trd, 000032.500, 145
Trd, 000032.790, 172
Trd, 000032.960, 144
Trd, 000033.270, 143
Trd, 000044.080, 142
Trd, 000060.040, 160
Trd, 000060.100, 140
Trd, 000060.110, 139
Trd, 000060.190, 122.0
Trd, 000060.250, 155
Trd, 000060.530, 132.0
Trd, 000060.570, 139
Trd, 000060.640, 140
Trd, 000061.250, 145
Trd, 000061.360, 140.0
Trd, 000061.500, 153
Trd, 000061.730, 138.0
Trd, 000066.530, 139
Trd, 000068.090, 143
Trd, 000073.650, 142
Trd, 000073.970, 147.0
Trd, 000078.050, 138
Trd, 000081.260, 145
Trd, 000085.620, 144
Trd, 000090.180, 137.0
Trd, 000090.210, 132.0
Trd, 000090.260, 136
Trd, 000090.500, 144
Trd, 000090.610, 154
Trd, 000090.680, 161.0
Trd, 000090.880, 139
Trd, 000091.020, 153
Trd, 000091.580, 155
Trd, 000091.610, 145
Trd, 000092.400, 143
Trd, 000092.480, 143
Trd, 000092.650, 145.0
Trd, 000095.420, 151
Trd, 000097.940, 153
Trd, 000103.290, 152
Trd, 000104.590, 145
Trd, 000115.560, 137.0
Trd, 000120.060, 151
Trd, 000120.230, 142
Trd, 000120.250, 128.0
Trd, 000120.480, 135.0
Trd, 000120.650, 138
Trd, 000120.800, 137
Trd, 000120.990, 146.0
Trd, 000121.000, 149
Trd, 000121.330, 147
Trd, 000121.400, 137.0
Trd, 000121.920, 147
Trd, 000122.460, 148
Trd, 000123.020, 146
Trd, 000124.870, 145
Trd, 000125.980, 157
Trd, 000127.150, 150
Trd, 000128.110, 159
Trd, 000132.820, 150
Trd, 000150.230, 141.0
Trd, 000150.340, 133.0
Trd, 000150.370, 124.0
Trd, 000150.500, 118.0
Trd, 000150.550, 131
Trd, 000150.600, 109
Trd, 000150.830, 144
Trd, 000151.150, 144
Trd, 000151.460, 136.0
Trd, 000151.470, 133
Trd, 000151.610, 147.0
Trd, 000152.030, 139
Trd, 000152.220, 139
Trd, 000153.480, 156
Trd, 000155.320, 153
Trd, 000156.240, 159
Trd, 000156.960, 151
Trd, 000157.030, 151
Trd, 000159.100, 149
Trd, 000166.560, 141
Trd, 000173.930, 132
Trd, 000176.110, 136
Trd, 000180.150, 124.0
Trd, 000180.210, 109.0
Trd, 000180.300, 158
Trd, 000180.480, 137.0
Trd, 000180.910, 139.0
Trd, 000181.020, 140
Trd, 000181.220, 129.0
Trd, 000181.350, 142.0
Trd, 000181.460, 143
Trd, 000182.060, 146
Trd, 000182.460, 146
Trd, 000182.870, 145
Trd, 000183.270, 134
Trd, 000183.990, 134
Trd, 000185.310, 146.0
Trd, 000191.000, 149
Trd, 000196.670, 150
Trd, 000197.140, 148
Trd, 000210.210, 155
Trd, 000210.360, 182.0
Trd, 000210.440, 152
Trd, 000210.500, 140
Trd, 000210.550, 129.0
Trd, 000210.560, 158
Trd, 000210.790, 161
Trd, 000211.050, 148
Trd, 000211.560, 148
Trd, 000211.700, 148
Trd, 000211.750, 139
Trd, 000212.050, 146.0
Trd, 000213.510, 148
Trd, 000215.220, 147
Trd, 000215.540, 145
Trd, 000217.540, 140
Trd, 000220.660, 149
Trd, 000240.170, 76.0
Trd, 000240.310, 97.0
Trd, 000240.360, 193.0
Trd, 000240.430, 182.0
Trd, 000240.460, 149
Trd, 000240.610, 111.0
Trd, 000240.650, 152
Trd, 000241.140, 156
Trd, 000241.200, 154
Trd, 000241.400, 155
Trd, 000241.850, 140
Trd, 000242.210, 145.0
Trd, 000242.410, 148
Trd, 000243.150, 149
Trd, 000245.090, 147
Trd, 000247.660, 147
Trd, 000248.270, 139.0
Trd, 000248.710, 150
Trd, 000256.330, 153
Trd, 000267.490, 153
Trd, 000270.170, 145
Trd, 000270.240, 127.0
Trd, 000270.690, 154
Trd, 000270.840, 151
Trd, 000270.990, 143
Trd, 000271.340, 147.0
Trd, 000271.350, 145
Trd, 000271.530, 147
Trd, 000271.540, 143
Trd, 000271.590, 151
Trd, 000271.690, 142
Trd, 000272.970, 150
Trd, 000273.450, 140
Trd, 000273.830, 139.0
Trd, 000274.730, 136.0
Trd, 000277.020, 151
Trd, 000277.560, 153
Trd, 000280.510, 124.0
Trd, 000286.290, 155
Trd, 000297.530, 134
Trd, 000300.190, 182.0
Trd, 000300.200, 122
Trd, 000300.940, 127
Trd, 000301.260, 133
Trd, 000301.480, 134.0
Trd, 000301.600, 145.0
Trd, 000301.650, 161.0
Trd, 000301.760, 129.0
Trd, 000302.240, 136.0
Trd, 000302.360, 141
Trd, 000302.820, 133
Trd, 000302.830, 142.0
Trd, 000304.550, 133
Trd, 000308.140, 143
Trd, 000308.370, 140
Trd, 000310.970, 139.0
Trd, 000319.090, 143
Trd, 000320.800, 142
Trd, 000321.500, 141
Trd, 000330.300, 140
Trd, 000330.380, 143
Trd, 000330.660, 141
Trd, 000330.790, 140
Trd, 000331.030, 145
Trd, 000331.230, 140
Trd, 000331.520, 139
Trd, 000331.570, 137.0
Trd, 000332.210, 141
Trd, 000332.310, 137.0
Trd, 000332.360, 141.0
Trd, 000332.700, 136
Trd, 000332.750, 142
Trd, 000335.750, 147.0
Trd, 000337.500, 157
Trd, 000338.160, 138
Trd, 000340.600, 150
Trd, 000341.690, 129.0
Trd, 000360.260, 193.0
Trd, 000360.280, 137
Trd, 000360.340, 168
Trd, 000360.350, 124
Trd, 000360.370, 123.0
Trd, 000360.650, 129
Trd, 000360.850, 140.0
Trd, 000360.920, 159
Trd, 000361.300, 153
Trd, 000361.640, 153
Trd, 000362.230, 147
Trd, 000362.780, 147
Trd, 000363.610, 147
Trd, 000364.040, 144
Trd, 000364.600, 146.0
Trd, 000365.220, 157
Trd, 000365.650, 137.0
Trd, 000376.170, 137.0
Trd, 000390.250, 88
Trd, 000390.360, 146
Trd, 000390.490, 145
Trd, 000390.730, 139
Trd, 000390.760, 138
Trd, 000390.870, 146.0
Trd, 000391.170, 144
Trd, 000391.310, 141
Trd, 000392.090, 142
Trd, 000392.620, 146
Trd, 000393.640, 160.0
Trd, 000397.980, 149
Trd, 000398.750, 151
Trd, 000399.800, 149
Trd, 000402.510, 150
Trd, 000402.710, 148
Trd, 000409.300, 147
Trd, 000416.720, 150
Trd, 000420.320, 75.0
Trd, 000420.450, 179.0
Trd, 000420.770, 181.0
Trd, 000420.810, 169
Trd, 000421.020, 169
Trd, 000421.910, 164
Trd, 000422.130, 164
Trd, 000422.290, 156
Trd, 000422.460, 189.0
Trd, 000422.510, 150
Trd, 000422.970, 137.0
Trd, 000424.700, 142.0
Trd, 000428.370, 143
Trd, 000428.720, 136.0
Trd, 000431.670, 128.0
Trd, 000431.770, 140
Trd, 000432.790, 139
Trd, 000437.970, 138
Trd, 000443.560, 139
Trd, 000450.290, 111.0
Trd, 000450.450, 179.0
Trd, 000450.510, 130
Trd, 000450.710, 147.0
Trd, 000450.790, 152
Trd, 000450.810, 174
Trd, 000450.840, 183.0
Trd, 000450.900, 141
Trd, 000450.990, 147
Trd, 000451.230, 136.0
Trd, 000451.390, 142
Trd, 000451.930, 142
Trd, 000452.030, 139.0
Trd, 000453.920, 138
Trd, 000457.930, 148
Trd, 000470.250, 152
Trd, 000477.130, 149
Trd, 000480.370, 183.0
Trd, 000480.450, 134.0
Trd, 000480.530, 143
Trd, 000480.890, 143
Trd, 000480.910, 145.0
Trd, 000480.960, 140
Trd, 000481.000, 139.0
Trd, 000481.030, 146
Trd, 000481.050, 136.0
Trd, 000481.960, 140.0
Trd, 000483.020, 140
Trd, 000483.390, 142
Trd, 000483.820, 137
Trd, 000484.040, 135
Trd, 000487.940, 159
Trd, 000493.310, 151
Trd, 000493.380, 146
Trd, 000501.650, 141
Trd, 000510.340, 147
Trd, 000510.480, 150
Trd, 000510.510, 137.0
Trd, 000510.520, 160
Trd, 000510.740, 146
Trd, 000510.810, 128.0
Trd, 000510.860, 127
Trd, 000511.350, 142.0
Trd, 000512.830, 142
Trd, 000513.390, 137
Trd, 000514.330, 142
Trd, 000515.430, 141
Trd, 000516.500, 139
Trd, 000517.240, 140
Trd, 000521.860, 145.0
Trd, 000523.700, 147
Trd, 000526.670, 139
Trd, 000540.340, 133.0
Trd, 000540.360, 127.0
Trd, 000540.490, 145.0
Trd, 000540.560, 105
Trd, 000540.860, 162.0
Trd, 000541.240, 155
Trd, 000541.360, 157
Trd, 000541.950, 160
Trd, 000542.180, 159
Trd, 000542.980, 164
Trd, 000543.370, 162
Trd, 000545.220, 154
Trd, 000546.190, 154
Trd, 000548.460, 144
Trd, 000549.090, 149
Trd, 000558.730, 141
Trd, 000558.920, 139.0
Trd, 000567.910, 147
Trd, 000570.450, 145
Trd, 000570.540, 145
Trd, 000570.580, 138
Trd, 000570.820, 146.0
Trd, 000571.170, 154
Trd, 000571.370, 143
Trd, 000571.390, 149
Trd, 000571.440, 143
Trd, 000571.590, 142
Trd, 000571.700, 155
Trd, 000571.960, 140
Trd, 000572.060, 138
Trd, 000572.750, 149
Trd, 000573.010, 137.0
Trd, 000573.700, 135.0
Trd, 000574.700, 145
Trd, 000576.010, 143
Trd, 000580.770, 143
Trd, 000588.050, 127.0
Trd, 000600.490, 183.0
Trd, 000600.670, 178.0
Trd, 000600.740, 176
Trd, 000601.130, 172
Trd, 000601.160, 170
Trd, 000601.330, 165
Trd, 000601.560, 154
Trd, 000601.680, 172
Trd, 000601.730, 147
Trd, 000601.990, 141
Trd, 000602.350, 138.0
Trd, 000602.450, 137.0
Trd, 000602.920, 142.0
Trd, 000603.350, 142
Trd, 000605.140, 140
Trd, 000613.860, 157
Trd, 000621.020, 147
Trd, 000622.220, 128.0
Trd, 000630.450, 138.0
Trd, 000630.460, 127.0
Trd, 000630.510, 134.0
Trd, 000630.650, 147
Trd, 000630.660, 173
Trd, 000631.100, 111.0
Trd, 000631.120, 98
Trd, 000631.210, 120
Trd, 000631.460, 128
Trd, 000631.650, 117
Trd, 000631.860, 123
Trd, 000632.510, 142.0
Trd, 000636.180, 139
Trd, 000637.690, 145.0
Trd, 000642.100, 140
Trd, 000647.340, 145
Trd, 000648.170, 144
Trd, 000648.610, 142
Trd, 000650.590, 137.0
Trd, 000657.330, 140
Trd, 000660.450, 141
Trd, 000660.560, 140
Trd, 000660.600, 143
Trd, 000660.690, 140
Trd, 000660.790, 164.0
Trd, 000661.160, 137.0
Trd, 000661.330, 141.0
Trd, 000662.170, 140
Trd, 000662.420, 144
Trd, 000662.970, 144
Trd, 000665.610, 140
Trd, 000666.910, 139
Trd, 000667.100, 144
Trd, 000667.760, 138
Trd, 000669.290, 145.0
Trd, 000669.870, 137.0
Trd, 000681.870, 128.0
Trd, 000684.240, 139
Trd, 000690.510, 144
Trd, 000690.530, 142
Trd, 000690.540, 141
Trd, 000690.550, 146.0
Trd, 000690.640, 141
Trd, 000690.680, 145
Trd, 000691.330, 147
Trd, 000691.500, 140
Trd, 000692.110, 142.0
Trd, 000692.470, 142
Trd, 000693.540, 142
Trd, 000693.830, 139.0
Trd, 000694.850, 157
Trd, 000700.400, 146
Trd, 000702.080, 152
Trd, 000706.000, 146
Trd, 000720.470, 146
Trd, 000720.600, 142.0
Trd, 000720.660, 124.0
Trd, 000720.810, 195.0
Trd, 000720.930, 146.0
Trd, 000721.330, 153
Trd, 000721.510, 141
Trd, 000721.710, 137.0
Trd, 000721.790, 159
Trd, 000722.660, 157
Trd, 000722.930, 156
Trd, 000725.160, 149
Trd, 000726.980, 155
Trd, 000727.460, 155
Trd, 000735.030, 156
Trd, 000735.410, 141
Trd, 000740.140, 135.0
Trd, 000750.510, 150
Trd, 000750.520, 172
Trd, 000750.620, 186
Trd, 000750.830, 156
Trd, 000750.880, 137.0
Trd, 000750.890, 163
Trd, 000751.070, 177
Trd, 000751.200, 151
Trd, 000751.260, 149
Trd, 000751.450, 147.0
Trd, 000751.930, 142
Trd, 000752.040, 156
Trd, 000752.130, 139.0
Trd, 000753.140, 145
Trd, 000754.360, 140
Trd, 000755.040, 150
Trd, 000755.450, 138
Trd, 000758.440, 129.0
Trd, 000759.870, 128
Trd, 000761.060, 135
Trd, 000761.990, 141
Trd, 000780.510, 76.0
Trd, 000780.740, 125
Trd, 000780.980, 176
Trd, 000781.460, 144
Trd, 000781.470, 142
Trd, 000781.630, 145.0
Trd, 000781.920, 162
Trd, 000782.170, 155
Trd, 000782.200, 165.0
Trd, 000782.650, 150
Trd, 000782.750, 150
Trd, 000783.150, 159
Trd, 000783.480, 150
Trd, 000783.810, 148
Trd, 000784.560, 160.0
Trd, 000785.700, 156
Trd, 000794.510, 143
Trd, 000796.730, 160
Trd, 000807.250, 138.0
Trd, 000810.700, 145
Trd, 000810.830, 146
Trd, 000810.970, 139.0
Trd, 000811.160, 161.0
Trd, 000811.180, 162
Trd, 000811.200, 144
Trd, 000811.290, 137.0
Trd, 000811.430, 139
Trd, 000811.500, 147.0
Trd, 000811.850, 147
Trd, 000812.890, 142
Trd, 000813.040, 141
Trd, 000813.160, 140
Trd, 000813.260, 141
Trd, 000813.940, 142
Trd, 000814.170, 151
Trd, 000817.710, 145
Trd, 000823.300, 144
Trd, 000829.390, 140
Trd, 000835.340, 127.0
Trd, 000840.600, 123
Trd, 000840.670, 117.0
Trd, 000840.700, 131
Trd, 000840.770, 133.0
Trd, 000840.920, 137
Trd, 000840.940, 138
Trd, 000841.300, 140
Trd, 000841.400, 137
Trd, 000841.680, 141
Trd, 000841.860, 142.0
Trd, 000842.250, 139
Trd, 000842.930, 147.0
Trd, 000844.020, 140
Trd, 000846.190, 139
Trd, 000847.110, 153
Trd, 000848.260, 149
Trd, 000852.710, 155
Trd, 000858.950, 142
Trd, 000870.690, 146
Trd, 000870.770, 141
Trd, 000870.840, 121
Trd, 000870.850, 136
Trd, 000870.920, 165.0
Trd, 000871.030, 104
Trd, 000871.100, 110.0
Trd, 000871.210, 135.0
Trd, 000871.390, 126
Trd, 000871.950, 134.0
Trd, 000872.240, 130
Trd, 000872.250, 145.0
Trd, 000872.910, 159
Trd, 000873.070, 149
Trd, 000883.000, 151
Trd, 000887.330, 151
Trd, 000888.460, 151
Trd, 000888.890, 148
Trd, 000895.480, 127.0
Trd, 000896.170, 155
Trd, 000900.670, 128
Trd, 000900.680, 188.0
Trd, 000900.990, 143
Trd, 000901.110, 142
Trd, 000901.120, 141
Trd, 000901.290, 137
Trd, 000901.320, 146
Trd, 000901.840, 137.0
Trd, 000902.020, 143
Trd, 000902.160, 144
Trd, 000903.430, 144
Trd, 000903.780, 145.0
Trd, 000904.100, 143
Trd, 000904.240, 139
Trd, 000904.820, 140
Trd, 000911.290, 151
Trd, 000911.450, 129.0
Trd, 000916.360, 125
Trd, 000923.530, 156
Trd, 000930.660, 142
Trd, 000931.040, 143
Trd, 000931.050, 145
Trd, 000931.210, 160.0
Trd, 000931.300, 142
Trd, 000931.380, 141
Trd, 000931.440, 140
Trd, 000931.580, 155
Trd, 000931.910, 141
Trd, 000932.990, 145.0
Trd, 000935.160, 140
Trd, 000935.440, 142
Trd, 000937.960, 143
Trd, 000939.070, 140
Trd, 000940.120, 139.0
Trd, 000940.630, 142
Trd, 000944.130, 137.0
Trd, 000956.650, 135
Trd, 000956.970, 139
Trd, 000960.670, 165.0
Trd, 000960.720, 114
Trd, 000960.750, 133.0
Trd, 000960.920, 139.0
Trd, 000961.660, 143
Trd, 000961.700, 138
Trd, 000962.900, 141
Trd, 000963.700, 139
Trd, 000963.710, 138
Trd, 000964.100, 139
Trd, 000964.590, 137
Trd, 000967.530, 139
Trd, 000969.400, 142.0
Trd, 000969.450, 146.0
Trd, 000969.990, 155
Trd, 000978.400, 149
Trd, 000980.640, 148
Trd, 000986.450, 149
Trd, 000990.710, 133.0
Trd, 000990.830, 136.0
Trd, 000990.850, 142
Trd, 000990.940, 143
Trd, 000991.000, 154
Trd, 000991.080, 144
Trd, 000991.640, 156
Trd, 000991.760, 151
Trd, 000992.020, 160.0
Trd, 000992.050, 153
Trd, 000992.190, 144
Trd, 000992.200, 140
Trd, 000992.930, 138.0
Trd, 000993.370, 147.0
Trd, 000994.650, 149
Trd, 000996.800, 140
Trd, 000999.060, 152
Trd, 001005.540, 163.0
Trd, 001020.720, 176
Trd, 001020.780, 144
Trd, 001021.040, 144
Trd, 001021.230, 142
Trd, 001021.280, 147.0
Trd, 001021.430, 153
Trd, 001021.520, 139.0
Trd, 001021.650, 135.0
Trd, 001022.100, 150
Trd, 001022.410, 142
Trd, 001023.050, 149
Trd, 001023.990, 142
Trd, 001024.600, 141
Trd, 001026.630, 139
Trd, 001029.170, 135
Trd, 001032.010, 134
Trd, 001041.060, 134
Trd, 001045.130, 160.0
Trd, 001050.750, 78.0
Trd, 001050.860, 111.0
Trd, 001050.980, 131
Trd, 001051.190, 122.0
Trd, 001051.360, 127
Trd, 001051.420, 147.0
Trd, 001051.460, 138.0
Trd, 001051.490, 127
Trd, 001051.760, 127.0
Trd, 001052.020, 133.0
Trd, 001052.240, 136
Trd, 001053.010, 130
Trd, 001053.230, 141.0
Trd, 001054.410, 136.0
Trd, 001055.760, 134
Trd, 001058.010, 140
Trd, 001058.700, 156
Trd, 001058.780, 155
Trd, 001068.010, 147
Trd, 001080.780, 134.0
Trd, 001080.790, 174
Trd, 001081.030, 162
Trd, 001081.150, 154
Trd, 001081.450, 150
Trd, 001081.470, 129.0
Trd, 001081.840, 141.0
Trd, 001082.240, 163
Trd, 001082.350, 163.0
Trd, 001082.520, 142
Trd, 001084.260, 144
Trd, 001085.780, 143
Trd, 001087.360, 145.0
Trd, 001089.180, 141
Trd, 001092.430, 141
Trd, 001092.680, 137.0
Trd, 001093.080, 139
Trd, 001099.310, 138
Trd, 001100.340, 141
Trd, 001110.930, 117
Trd, 001111.070, 138.0
Trd, 001111.150, 139
Trd, 001111.230, 134
Trd, 001111.250, 129.0
Trd, 001111.480, 138
Trd, 001111.520, 140
Trd, 001111.670, 142.0
Trd, 001111.950, 134.0
Trd, 001111.980, 133
Trd, 001112.040, 132
Trd, 001113.590, 135.0
Trd, 001115.390, 146.0
Trd, 001116.250, 139
Trd, 001121.000, 142
Trd, 001124.780, 139
Trd, 001127.370, 155
Trd, 001129.900, 147
Trd, 001130.870, 130
Trd, 001140.860, 155
Trd, 001140.890, 150
Trd, 001140.920, 145
Trd, 001141.080, 142.0
Trd, 001141.180, 149
Trd, 001141.380, 146
Trd, 001141.630, 139
Trd, 001141.770, 146
Trd, 001142.440, 141
Trd, 001142.600, 143
Trd, 001144.930, 141
Trd, 001145.040, 138.0
Trd, 001145.800, 143
Trd, 001146.050, 138
Trd, 001150.230, 146.0
Trd, 001160.250, 139
Trd, 001164.910, 136.0
Trd, 001167.410, 129.0
Trd, 001170.750, 147
Trd, 001170.780, 101.0
Trd, 001170.880, 109.0
Trd, 001170.920, 98.0
Trd, 001170.950, 123
Trd, 001171.050, 114
Trd, 001171.150, 124
Trd, 001171.350, 111
Trd, 001171.430, 134.0
Trd, 001171.480, 142.0
Trd, 001171.970, 142
Trd, 001172.270, 145.0
Trd, 001172.900, 137.0
Trd, 001173.550, 133
Trd, 001174.100, 138
Trd, 001179.270, 143
Trd, 001189.020, 149
Trd, 001194.570, 157
Trd, 001198.840, 149
Trd, 001200.830, 98.0
Trd, 001200.920, 134.0
Trd, 001201.000, 145.0
Trd, 001201.090, 174
Trd, 001201.120, 177
Trd, 001201.320, 150
Trd, 001201.410, 143
Trd, 001201.510, 143
Trd, 001202.110, 149
Trd, 001202.730, 145
Trd, 001205.730, 144
Trd, 001208.480, 151
Trd, 001208.520, 159
Trd, 001212.170, 152
Trd, 001212.870, 148
Trd, 001215.640, 146
Trd, 001220.330, 155
Trd, 001221.270, 147
Trd, 001229.990, 142
Trd, 001230.870, 146
Trd, 001230.950, 96.0
Trd, 001231.050, 129
Trd, 001231.200, 133.0
Trd, 001231.240, 139
Trd, 001231.430, 141
Trd, 001231.470, 138.0
Trd, 001231.610, 140
Trd, 001232.810, 143
Trd, 001232.820, 143
Trd, 001233.180, 143
Trd, 001233.800, 145
Trd, 001236.620, 147.0
Trd, 001237.460, 154
Trd, 001239.810, 142
Trd, 001245.410, 149
Trd, 001246.340, 156
Trd, 001246.820, 151
Trd, 001252.780, 128.0
Trd, 001260.830, 140
Trd, 001260.930, 108
Trd, 001261.110, 133
Trd, 001261.340, 110
Trd, 001261.400, 127
Trd, 001261.590, 122
Trd, 001261.630, 129
Trd, 001261.670, 131
Trd, 001261.830, 141.0
Trd, 001262.370, 130
Trd, 001262.450, 145.0
Trd, 001262.860, 129.0
Trd, 001263.200, 151
Trd, 001265.360, 158
Trd, 001270.440, 150
Trd, 001271.450, 145
Trd, 001271.650, 144
Trd, 001273.260, 144
Trd, 001273.600, 137.0
Trd, 001274.860, 132
Trd, 001290.860, 96.0
Trd, 001290.970, 144
Trd, 001291.110, 167
Trd, 001291.180, 147
Trd, 001291.480, 165
Trd, 001291.790, 137.0
Trd, 001292.040, 183.0
Trd, 001292.250, 149
Trd, 001292.340, 152
Trd, 001292.640, 178
Trd, 001292.920, 179.0
Trd, 001292.930, 169
Trd, 001294.460, 138
Trd, 001294.480, 137.0
Trd, 001297.060, 148
Trd, 001299.120, 138
Trd, 001299.750, 139
Trd, 001301.990, 140
Trd, 001305.260, 147
Trd, 001313.810, 129.0
Trd, 001320.880, 178
Trd, 001320.980, 123.0
Trd, 001321.110, 134.0
Trd, 001321.200, 101
Trd, 001321.350, 128
Trd, 001321.390, 112
Trd, 001322.030, 127
Trd, 001322.070, 139
Trd, 001322.260, 135.0
Trd, 001322.660, 139.0
Trd, 001322.710, 141.0
Trd, 001322.800, 138
Trd, 001322.850, 162.0
Trd, 001327.330, 145.0
Trd, 001333.390, 151
Trd, 001336.390, 149
Trd, 001339.010, 147
Trd, 001345.850, 145
Trd, 001348.830, 153
Trd, 001350.990, 78.0
Trd, 001351.040, 160.0
Trd, 001351.360, 179.0
Trd, 001351.510, 162
Trd, 001351.600, 162
Trd, 001351.680, 159
Trd, 001351.800, 157
Trd, 001351.840, 182
Trd, 001352.180, 151
Trd, 001353.070, 157
Trd, 001359.440, 152
Trd, 001360.820, 161
Trd, 001362.560, 155
Trd, 001364.780, 156
Trd, 001367.740, 137.0
Trd, 001369.380, 139
Trd, 001376.090, 135.0
Trd, 001377.440, 142
Trd, 001380.960, 194.0
Trd, 001380.980, 185
Trd, 001381.040, 156
Trd, 001381.180, 110
Trd, 001381.300, 165.0
Trd, 001381.710, 132.0
Trd, 001381.740, 128.0
Trd, 001382.070, 137
Trd, 001382.150, 136
Trd, 001382.300, 141
Trd, 001382.320, 131
Trd, 001382.340, 142.0
Trd, 001382.600, 140
Trd, 001382.680, 147.0
Trd, 001383.540, 145
Trd, 001383.950, 141
Trd, 001384.050, 140
Trd, 001384.910, 154
Trd, 001389.000, 146
Trd, 001391.480, 155
Trd, 001410.970, 98.0
Trd, 001411.130, 157
Trd, 001411.150, 137
Trd, 001411.210, 147
Trd, 001411.350, 155
Trd, 001411.750, 147
Trd, 001412.200, 144
Trd, 001412.470, 142
Trd, 001412.590, 140
Trd, 001414.140, 146
Trd, 001415.550, 143
Trd, 001415.790, 143
Trd, 001417.540, 139
Trd, 001420.430, 143
Trd, 001423.990, 146.0
Trd, 001424.230, 141
Trd, 001424.770, 140
Trd, 001432.100, 139
Trd, 001440.880, 148.0
Trd, 001440.950, 111.0
Trd, 001441.010, 194.0
Trd, 001441.040, 182.0
Trd, 001441.070, 180.0
Trd, 001441.100, 170.0
Trd, 001441.150, 91.0
Trd, 001441.210, 138.0
Trd, 001441.420, 143.0
Trd, 001441.480, 145.0
Trd, 001441.640, 144
Trd, 001442.320, 143
Trd, 001442.380, 143
Trd, 001442.520, 142
Trd, 001442.590, 144
Trd, 001442.820, 140
Trd, 001443.410, 139
Trd, 001443.440, 139
Trd, 001443.840, 140
Trd, 001444.240, 141.0
Trd, 001444.360, 147.0
Trd, 001444.570, 135.0
Trd, 001452.860, 134
Trd, 001454.110, 133.0
Trd, 001458.220, 148.0
Trd, 001459.780, 128.0
Trd, 001468.860, 154
Trd, 001471.040, 146
Trd, 001471.060, 173
Trd, 001471.120, 144
Trd, 001471.140, 147
Trd, 001471.320, 167
Trd, 001471.460, 154
Trd, 001471.650, 150
Trd, 001471.940, 144
Trd, 001471.990, 137.0
Trd, 001472.070, 140
Trd, 001472.330, 133.0
Trd, 001472.360, 136
Trd, 001472.540, 143
Trd, 001473.360, 138
Trd, 001473.690, 139.0
Trd, 001474.270, 137
Trd, 001474.530, 140
Trd, 001474.630, 136.0
Trd, 001475.900, 139
Trd, 001479.800, 140.0
Trd, 001481.030, 142.0
Trd, 001481.910, 145
Trd, 001489.280, 132.0
Trd, 001496.900, 147.0
Trd, 001498.600, 132
Trd, 001501.040, 143
Trd, 001501.210, 139
Trd, 001501.330, 139
Trd, 001501.360, 137
Trd, 001501.460, 142
Trd, 001501.480, 139
Trd, 001501.640, 140
Trd, 001501.940, 145
Trd, 001502.240, 142
Trd, 001502.470, 139
Trd, 001502.590, 139.0
Trd, 001502.630, 139
Trd, 001502.700, 137
Trd, 001502.880, 142.0
Trd, 001503.750, 138
Trd, 001504.270, 139.0
Trd, 001504.740, 137
Trd, 001505.840, 139
Trd, 001506.430, 142.0
Trd, 001507.840, 146.0
Trd, 001509.070, 137
Trd, 001510.320, 138
Trd, 001511.380, 135.0
Trd, 001516.800, 132.0
Trd, 001518.210, 142
Trd, 001531.110, 143
Trd, 001531.370, 152
Trd, 001531.410, 155
Trd, 001531.450, 144
Trd, 001531.680, 141
Trd, 001531.690, 144.0
Trd, 001531.830, 141
Trd, 001531.840, 147.0
Trd, 001532.170, 139
Trd, 001532.410, 142.0
Trd, 001532.500, 143
Trd, 001532.520, 144
Trd, 001532.630, 138
Trd, 001532.890, 138.0
Trd, 001532.920, 140
Trd, 001533.090, 141
Trd, 001533.430, 140
Trd, 001534.000, 140
Trd, 001534.860, 138
Trd, 001541.110, 140
Trd, 001542.860, 137.0
Trd, 001544.530, 136
Trd, 001547.350, 134.0
Trd, 001560.390, 133
Trd, 001561.090, 140
Trd, 001561.180, 146.0
Trd, 001561.210, 139.0
Trd, 001561.300, 156
Trd, 001561.440, 137.0
Trd, 001561.470, 138.0
Trd, 001561.500, 140
Trd, 001561.580, 136
Trd, 001561.610, 119
Trd, 001561.940, 138.0
Trd, 001561.950, 142.0
Trd, 001562.310, 134.0
Trd, 001562.450, 135
Trd, 001562.620, 133
Trd, 001562.680, 136
Trd, 001563.330, 139.0
Trd, 001563.750, 134
Trd, 001563.800, 139.0
Trd, 001565.950, 133.0
Trd, 001568.870, 134
Trd, 001571.920, 135
Trd, 001574.090, 135
Trd, 001576.960, 142
Trd, 001581.610, 133
Trd, 001585.130, 132
Trd, 001591.070, 75.0
Trd, 001591.080, 141
Trd, 001591.140, 96
Trd, 001591.220, 132.0
Trd, 001591.400, 119.0
Trd, 001591.620, 140.0
Trd, 001591.750, 145
Trd, 001591.870, 135
Trd, 001591.980, 145.0
Trd, 001592.050, 136
Trd, 001592.410, 143.0
Trd, 001592.520, 139.0
Trd, 001592.790, 143.0
Trd, 001592.810, 140
Trd, 001592.860, 143
Trd, 001593.170, 144
Trd, 001593.220, 143
Trd, 001593.420, 147.0
Trd, 001593.720, 143
Trd, 001594.750, 147
Trd, 001595.370, 154
Trd, 001595.620, 144
Trd, 001600.930, 146
Trd, 001609.050, 144
Trd, 001609.870, 141
Trd, 001621.090, 140
Trd, 001621.130, 139
Trd, 001621.310, 134.0
Trd, 001621.390, 137
Trd, 001621.480, 135
Trd, 001621.560, 137.0
Trd, 001621.590, 141
Trd, 001621.750, 142.0
Trd, 001621.810, 137
Trd, 001621.930, 137.0
Trd, 001622.280, 140
Trd, 001622.350, 137.0
Trd, 001622.460, 137.0
Trd, 001622.600, 142.0
Trd, 001623.020, 140.0
Trd, 001623.220, 145.0
Trd, 001623.870, 140
Trd, 001624.560, 141
Trd, 001627.140, 136
Trd, 001627.430, 137.0
Trd, 001629.880, 138
Trd, 001633.500, 133
Trd, 001635.950, 147.0
Trd, 001638.460, 141
Trd, 001647.910, 132.0
Trd, 001651.270, 110.0
Trd, 001651.290, 97.0
Trd, 001651.390, 112
Trd, 001651.530, 127
Trd, 001651.570, 125
Trd, 001651.590, 127
Trd, 001651.680, 142.0
Trd, 001651.980, 144
Trd, 001652.000, 153
Trd, 001652.080, 140.0
Trd, 001652.120, 141.0
Trd, 001652.350, 147.0
Trd, 001652.600, 142
Trd, 001652.720, 146.0
Trd, 001652.820, 141.0
Trd, 001653.020, 135
Trd, 001653.510, 141
Trd, 001656.920, 140
Trd, 001657.000, 140
Trd, 001658.250, 141
Trd, 001659.620, 140
Trd, 001661.560, 141
Trd, 001664.860, 144
Trd, 001673.790, 148.0
Trd, 001676.430, 139
Trd, 001678.710, 139.0
Trd, 001681.190, 140
Trd, 001681.250, 150
Trd, 001681.340, 175
Trd, 001681.380, 149.0
Trd, 001681.400, 150
Trd, 001681.460, 147
Trd, 001681.480, 165
Trd, 001681.500, 134.0
Trd, 001681.710, 151.0
Trd, 001681.730, 143.0
Trd, 001681.750, 157
Trd, 001681.980, 135.0
Trd, 001682.050, 141
Trd, 001682.300, 142
Trd, 001682.810, 144
Trd, 001683.120, 142
Trd, 001683.310, 147.0
Trd, 001683.350, 147
Trd, 001683.530, 139
Trd, 001684.570, 140.0
Trd, 001684.710, 141
Trd, 001686.650, 138.0
Trd, 001686.970, 143
Trd, 001688.020, 145
Trd, 001691.480, 137.0
Trd, 001711.140, 149
Trd, 001711.230, 139.0
Trd, 001711.310, 134.0
Trd, 001711.340, 141
Trd, 001711.380, 141.0
Trd, 001711.470, 139
Trd, 001711.550, 154
Trd, 001711.620, 134.0
Trd, 001711.730, 135
Trd, 001711.850, 124.0
Trd, 001711.940, 130
Trd, 001711.970, 110
Trd, 001712.100, 140
Trd, 001712.140, 119
Trd, 001712.590, 127.0
Trd, 001712.610, 128
Trd, 001712.910, 134
Trd, 001713.160, 125
Trd, 001713.270, 126.0
Trd, 001713.380, 124
Trd, 001713.830, 147.0
Trd, 001713.970, 152
Trd, 001714.080, 160
Trd, 001719.120, 149
Trd, 001723.690, 150
Trd, 001734.240, 141
Trd, 001738.000, 126
Trd, 001741.220, 97.0
Trd, 001741.250, 109.0
Trd, 001741.290, 142.0
Trd, 001741.330, 140
Trd, 001741.570, 147.0
Trd, 001741.580, 144.0
Trd, 001741.720, 157
Trd, 001741.890, 144
Trd, 001742.000, 147
Trd, 001742.220, 148
Trd, 001742.310, 142
Trd, 001742.400, 143.0
Trd, 001742.530, 148.0
Trd, 001743.000, 140
Trd, 001743.510, 145
Trd, 001743.880, 141
Trd, 001744.190, 141
Trd, 001744.210, 140
Trd, 001744.350, 137.0
Trd, 001745.190, 135.0
Trd, 001747.140, 145
Trd, 001747.520, 146
Trd, 001753.700, 140
Trd, 001755.450, 134.0
Trd, 001758.680, 138
Trd, 001771.060, 156
Trd, 001771.200, 148
Trd, 001771.280, 136
Trd, 001771.350, 146.0
Trd, 001771.430, 143
Trd, 001771.490, 148
Trd, 001771.650, 147.0
Trd, 001771.780, 148.0
Trd, 001771.890, 141
Trd, 001771.900, 140
Trd, 001772.010, 147
Trd, 001772.230, 134.0
Trd, 001772.280, 129
Trd, 001772.410, 139.0
Trd, 001772.560, 143
Trd, 001772.920, 138
Trd, 001772.950, 142
Trd, 001773.170, 142
Trd, 001773.580, 138
Trd, 001774.920, 140
Trd, 001775.070, 139
Trd, 001777.460, 139
Trd, 001778.010, 137.0
Trd, 001783.890, 143.0
Trd, 001787.430, 157
Trd, 001797.750, 128.0
