Trd, 000030.180, 124.0
Trd, 000030.600, 139
Trd, 000031.020, 137
Trd, 000031.060, 149
Trd, 000032.140, 139.0
Trd, 000034.420, 134.0
Trd, 000036.780, 132
Trd, 000039.000, 147.0
Trd, 000041.080, 120
Trd, 000060.640, 134
Trd, 000060.900, 128.0
Trd, 000061.000, 132
Trd, 000061.280, 134
Trd, 000061.420, 141.0
Trd, 000061.540, 146.0
Trd, 000061.960, 161
Trd, 000063.520, 137.0
Trd, 000064.040, 165
Trd, 000066.280, 125
Trd, 000083.680, 120
Trd, 000090.160, 150.0
Trd, 000090.980, 151
Trd, 000092.900, 136.0
Trd, 000094.240, 139.0
Trd, 000094.980, 143
Trd, 000095.400, 143
Trd, 000096.280, 148.0
Trd, 000099.120, 132
Trd, 000107.300, 152
Trd, 000120.320, 144.0
Trd, 000120.680, 145
Trd, 000120.800, 136.0
Trd, 000122.420, 166
Trd, 000124.640, 167
Trd, 000129.100, 157.0
Trd, 000145.580, 161
Trd, 000150.240, 143.0
Trd, 000150.340, 145
Trd, 000151.520, 138
Trd, 000151.900, 140
Trd, 000152.080, 172
Trd, 000152.600, 159.0
Trd, 000152.980, 144
Trd, 000155.040, 148
Trd, 000160.920, 165
Trd, 000180.260, 155.0
Trd, 000180.400, 156
Trd, 000181.480, 159
Trd, 000182.000, 152
Trd, 000182.040, 149.0
Trd, 000182.100, 143
Trd, 000182.900, 168
Trd, 000184.200, 140.0
Trd, 000184.240, 125
Trd, 000194.640, 120
Trd, 000210.540, 139.0
Trd, 000210.720, 144.0
Trd, 000211.300, 185
Trd, 000215.020, 163
Trd, 000217.580, 161.0
Trd, 000222.060, 146.0
Trd, 000224.620, 154
Trd, 000240.280, 158.0
Trd, 000240.420, 150
Trd, 000240.720, 119
Trd, 000241.140, 141.0
Trd, 000241.780, 142
Trd, 000244.320, 143
Trd, 000244.440, 146.0
Trd, 000256.680, 146
Trd, 000270.380, 160
Trd, 000271.280, 148.0
Trd, 000271.660, 164
Trd, 000271.960, 163
Trd, 000272.120, 160.0
Trd, 000277.520, 154
Trd, 000278.080, 154
Trd, 000280.420, 146
Trd, 000280.460, 135.0
Trd, 000294.960, 125
Trd, 000300.880, 147.0
Trd, 000301.200, 135
Trd, 000301.600, 130
Trd, 000301.840, 143.0
Trd, 000303.400, 141
Trd, 000304.840, 140
Trd, 000307.620, 143
Trd, 000319.020, 157
Trd, 000321.600, 135.0
Trd, 000330.520, 153
Trd, 000330.800, 129
Trd, 000331.060, 139
Trd, 000331.400, 144.0
Trd, 000331.820, 143
Trd, 000333.260, 144.0
Trd, 000333.960, 146
Trd, 000335.600, 151
Trd, 000341.540, 139.0
Trd, 000360.520, 138
Trd, 000360.640, 143
Trd, 000361.620, 147.0
Trd, 000362.160, 145
Trd, 000363.500, 145.0
Trd, 000369.580, 148.0
Trd, 000377.960, 163
Trd, 000381.340, 140.0
Trd, 000387.000, 129
Trd, 000388.320, 138
Trd, 000390.560, 142
Trd, 000391.000, 145.0
Trd, 000391.560, 147
Trd, 000391.940, 148
Trd, 000392.060, 155
Trd, 000392.200, 145
Trd, 000394.160, 144.0
Trd, 000400.680, 161
Trd, 000411.140, 138
Trd, 000420.620, 142.0
Trd, 000420.880, 131
Trd, 000420.980, 149.0
Trd, 000421.400, 154
Trd, 000421.800, 136.0
Trd, 000425.820, 168
Trd, 000428.520, 130
Trd, 000433.420, 127
Trd, 000433.940, 135
Trd, 000435.600, 118
Trd, 000447.760, 147.0
Trd, 000450.540, 130.0
Trd, 000451.140, 159.0
Trd, 000452.100, 145
Trd, 000452.460, 142.0
Trd, 000452.500, 145
Trd, 000452.780, 146
Trd, 000460.220, 148.0
Trd, 000469.680, 137.0
Trd, 000480.720, 129.0
Trd, 000481.020, 142.0
Trd, 000483.920, 161.0
Trd, 000484.100, 161
Trd, 000494.120, 168
Trd, 000495.080, 163
Trd, 000500.380, 160
Trd, 000511.120, 157
Trd, 000511.640, 158.0
Trd, 000511.880, 149.0
Trd, 000512.400, 115
Trd, 000513.020, 134
Trd, 000513.860, 138.0
Trd, 000513.940, 150
Trd, 000514.820, 135
Trd, 000517.760, 148
Trd, 000540.700, 144.0
Trd, 000540.720, 144
Trd, 000540.840, 144
Trd, 000541.200, 125.0
Trd, 000543.100, 144.0
Trd, 000545.540, 192
Trd, 000551.400, 139.0
Trd, 000553.820, 163
Trd, 000563.100, 162
Trd, 000570.880, 144.0
Trd, 000571.160, 152
Trd, 000571.340, 146
Trd, 000571.820, 140.0
Trd, 000572.540, 161.0
Trd, 000573.320, 159
Trd, 000575.860, 161
Trd, 000581.460, 139.0
Trd, 000583.820, 122
Trd, 000600.700, 150.0
Trd, 000601.180, 143
Trd, 000601.280, 165
Trd, 000601.980, 143.0
Trd, 000602.860, 148.0
Trd, 000604.180, 141
Trd, 000610.140, 147
Trd, 000616.420, 160
Trd, 000621.300, 134.0
Trd, 000630.900, 147.0
Trd, 000631.140, 124
Trd, 000631.760, 137
Trd, 000632.400, 135
Trd, 000632.460, 138
Trd, 000633.240, 137
Trd, 000639.380, 145.0
Trd, 000639.460, 171
Trd, 000647.160, 179
Trd, 000647.240, 129
Trd, 000649.480, 127
Trd, 000661.660, 135
Trd, 000662.340, 142
Trd, 000662.600, 145.0
Trd, 000663.420, 147.0
Trd, 000663.600, 134
Trd, 000664.120, 134.0
Trd, 000666.320, 141
Trd, 000667.360, 139
Trd, 000669.660, 171
Trd, 000691.060, 142
Trd, 000691.220, 145
Trd, 000691.580, 129.0
Trd, 000692.140, 134
Trd, 000692.800, 145.0
Trd, 000693.260, 170
Trd, 000698.640, 144.0
Trd, 000708.400, 135.0
Trd, 000711.540, 144
Trd, 000720.940, 153
Trd, 000721.360, 139.0
Trd, 000722.020, 127.0
Trd, 000722.240, 127
Trd, 000722.640, 128
Trd, 000722.680, 132
Trd, 000729.340, 144
Trd, 000732.800, 167
Trd, 000734.580, 175
Trd, 000737.860, 122
Trd, 000746.100, 117
Trd, 000751.480, 130.0
Trd, 000751.660, 149.0
Trd, 000752.180, 143.0
Trd, 000754.180, 160
Trd, 000761.580, 159
Trd, 000769.100, 165
Trd, 000771.880, 159.0
Trd, 000773.720, 135.0
Trd, 000777.300, 127
Trd, 000781.420, 142.0
Trd, 000781.860, 157
Trd, 000782.340, 138
Trd, 000782.680, 136.0
Trd, 000784.480, 142
Trd, 000785.620, 145.0
Trd, 000786.780, 145
Trd, 000788.900, 144
Trd, 000796.080, 175
Trd, 000796.180, 128
Trd, 000811.180, 166
Trd, 000811.400, 138
Trd, 000811.820, 140
Trd, 000812.420, 128
Trd, 000813.100, 137
Trd, 000813.480, 138
Trd, 000813.520, 141
Trd, 000814.620, 140.0
Trd, 000817.500, 149.0
Trd, 000818.700, 135.0
Trd, 000841.220, 124.0
Trd, 000841.680, 141.0
Trd, 000841.800, 146.0
Trd, 000842.580, 161
Trd, 000847.720, 147.0
Trd, 000848.780, 149
Trd, 000850.940, 149
Trd, 000856.100, 147
Trd, 000871.100, 139.0
Trd, 000871.300, 148.0
Trd, 000871.880, 128.0
Trd, 000871.900, 137
Trd, 000872.240, 141
Trd, 000873.180, 143
Trd, 000873.300, 150
Trd, 000875.680, 170
Trd, 000876.340, 139
Trd, 000894.460, 144
Trd, 000901.700, 137.0
Trd, 000901.820, 141
Trd, 000902.080, 142.0
Trd, 000902.440, 133
Trd, 000903.400, 146.0
Trd, 000905.280, 141
Trd, 000906.380, 143
Trd, 000913.440, 144
Trd, 000924.640, 125
Trd, 000931.300, 149.0
Trd, 000931.340, 144
Trd, 000931.780, 160.0
Trd, 000932.000, 148
Trd, 000933.380, 154
Trd, 000935.340, 142.0
Trd, 000936.120, 144
Trd, 000936.400, 137.0
Trd, 000938.660, 127
Trd, 000945.000, 172
Trd, 000961.500, 142
Trd, 000962.140, 138
Trd, 000962.200, 140.0
Trd, 000962.640, 149.0
Trd, 000962.780, 134.0
Trd, 000963.540, 196.0
Trd, 000964.120, 168
Trd, 000969.600, 165
Trd, 000971.920, 121
Trd, 000991.380, 144.0
Trd, 000991.600, 145
Trd, 000991.900, 148
Trd, 000992.340, 151
Trd, 000993.120, 147.0
Trd, 000993.960, 138.0
Trd, 000994.640, 148
Trd, 001000.420, 123
Trd, 001001.560, 165
Trd, 001021.460, 152
Trd, 001021.740, 165
Trd, 001021.800, 149.0
Trd, 001022.140, 146
Trd, 001022.400, 126
Trd, 001022.640, 152
Trd, 001024.960, 160.0
Trd, 001026.180, 158
Trd, 001029.720, 139
Trd, 001051.340, 150
Trd, 001051.720, 144.0
Trd, 001051.860, 148
Trd, 001052.400, 145.0
Trd, 001053.340, 136.0
Trd, 001054.740, 137
Trd, 001057.600, 165
Trd, 001063.280, 123
Trd, 001064.220, 128
Trd, 001066.320, 172
Trd, 001071.820, 119
Trd, 001081.600, 146
Trd, 001081.840, 164
Trd, 001082.640, 147.0
Trd, 001085.540, 156.0
Trd, 001088.140, 146
Trd, 001093.160, 171
Trd, 001104.580, 137
Trd, 001111.660, 157
Trd, 001112.500, 156
Trd, 001113.200, 147.0
Trd, 001115.080, 141.0
Trd, 001117.880, 145
Trd, 001118.860, 141
Trd, 001120.340, 140
Trd, 001122.500, 146
Trd, 001130.520, 138.0
Trd, 001137.680, 128
Trd, 001141.860, 123
Trd, 001142.020, 126.0
Trd, 001143.040, 136
Trd, 001143.300, 139.0
Trd, 001143.880, 138
Trd, 001146.520, 145
Trd, 001148.580, 149.0
Trd, 001153.560, 127
Trd, 001160.580, 136
Trd, 001171.560, 161.0
Trd, 001172.420, 130.0
Trd, 001172.700, 128
Trd, 001173.480, 133
Trd, 001174.360, 139.0
Trd, 001175.820, 148.0
Trd, 001176.180, 138.0
Trd, 001177.580, 128
Trd, 001186.400, 136
Trd, 001201.580, 145.0
Trd, 001201.860, 144
Trd, 001201.920, 143
Trd, 001202.120, 150.0
Trd, 001202.980, 148.0
Trd, 001203.220, 165
Trd, 001208.220, 140.0
Trd, 001208.300, 129
Trd, 001228.840, 165
Trd, 001231.780, 161
Trd, 001232.580, 166
Trd, 001232.600, 159.0
Trd, 001232.680, 138.0
Trd, 001232.780, 140.0
Trd, 001233.840, 149.0
Trd, 001240.960, 160
Trd, 001247.760, 149
Trd, 001249.760, 144.0
Trd, 001261.980, 161.0
Trd, 001262.420, 148.0
Trd, 001262.600, 132
Trd, 001262.740, 155
Trd, 001269.280, 135.0
Trd, 001269.720, 139.0
Trd, 001271.660, 134
Trd, 001275.820, 139
Trd, 001289.060, 138
Trd, 001291.960, 155.0
Trd, 001292.400, 148.0
Trd, 001293.520, 149.0
Trd, 001294.580, 153
Trd, 001294.600, 157.0
Trd, 001295.120, 160
Trd, 001306.980, 151
Trd, 001320.880, 156
Trd, 001321.880, 155.0
Trd, 001322.500, 148.0
Trd, 001322.720, 152
Trd, 001323.180, 150
Trd, 001323.220, 155.0
Trd, 001334.520, 168
Trd, 001349.740, 147.0
Trd, 001352.620, 150.0
Trd, 001352.860, 151
Trd, 001353.180, 152
Trd, 001356.180, 150
Trd, 001358.900, 151
Trd, 001364.640, 153.0
Trd, 001382.600, 154.0
Trd, 001383.300, 156.0
Trd, 001383.480, 167
Trd, 001384.180, 149.0
Trd, 001384.460, 158
Trd, 001386.960, 152
Trd, 001397.840, 143
Trd, 001408.640, 145
Trd, 001410.560, 140.0
Trd, 001412.280, 158.0
Trd, 001413.980, 148
Trd, 001414.460, 148
Trd, 001415.860, 149
Trd, 001418.160, 153.0
Trd, 001421.700, 147
Trd, 001425.180, 155.0
Trd, 001442.040, 151
Trd, 001442.660, 149.0
Trd, 001442.680, 153
Trd, 001443.420, 157.0
Trd, 001446.760, 154.0
Trd, 001457.600, 148
Trd, 001459.180, 155
Trd, 001472.280, 153
Trd, 001472.920, 147.0
Trd, 001474.300, 157.0
Trd, 001476.180, 174.0
Trd, 001476.880, 155.0
Trd, 001482.080, 159
Trd, 001485.000, 153
Trd, 001502.420, 145
Trd, 001502.660, 149.0
Trd, 001502.880, 150
Trd, 001503.220, 155.0
Trd, 001504.200, 149.0
Trd, 001505.920, 148
Trd, 001506.840, 139
Trd, 001508.660, 153.0
Trd, 001532.660, 147.0
Trd, 001533.320, 146
Trd, 001533.680, 147
Trd, 001533.880, 148
Trd, 001534.440, 150
Trd, 001544.140, 155.0
Trd, 001545.180, 156.0
Trd, 001562.300, 144
Trd, 001562.440, 148
Trd, 001564.100, 143
Trd, 001565.680, 143
Trd, 001566.640, 142
Trd, 001569.200, 147.0
Trd, 001570.200, 154.0
Trd, 001587.900, 155.0
Trd, 001593.500, 150
Trd, 001593.620, 151
Trd, 001595.260, 150
Trd, 001595.960, 153
Trd, 001596.620, 154.0
Trd, 001610.180, 148
Trd, 001622.160, 147.0
Trd, 001622.800, 152
Trd, 001623.900, 154.0
Trd, 001627.520, 155.0
Trd, 001630.500, 172.0
Trd, 001631.220, 165
Trd, 001635.140, 159
Trd, 001644.220, 145.0
Trd, 001652.940, 152
Trd, 001653.780, 152
Trd, 001654.300, 146
Trd, 001655.160, 148
Trd, 001655.540, 149.0
Trd, 001659.340, 153.0
Trd, 001666.840, 155.0
Trd, 001669.700, 166
Trd, 001682.600, 148.0
Trd, 001682.940, 148
Trd, 001682.960, 157.0
Trd, 001683.220, 157.0
Trd, 001684.140, 155
Trd, 001684.660, 145.0
Trd, 001684.780, 156
Trd, 001698.340, 165
Trd, 001712.320, 148
Trd, 001712.980, 147.0
Trd, 001713.260, 148
Trd, 001713.360, 154.0
Trd, 001716.840, 155.0
Trd, 001719.800, 153
Trd, 001726.680, 165
Trd, 001732.440, 145
Trd, 001742.340, 156.0
Trd, 001743.780, 153
Trd, 001743.980, 152
Trd, 001748.480, 153
Trd, 001749.200, 153.0
Trd, 001750.440, 155.0
Trd, 001771.840, 157
Trd, 001772.540, 156
Trd, 001773.320, 148.0
Trd, 001775.040, 155.0
Trd, 001776.180, 157.0
Trd, 001776.600, 172.0
Trd, 001785.120, 166
Trd, 001789.680, 149.0
Trd, 001802.500, 150
Trd, 001802.880, 154
Trd, 001804.000, 150
Trd, 001804.240, 150
Trd, 001805.100, 154.0
Trd, 001814.980, 157.0
Trd, 001832.820, 152
Trd, 001833.000, 147
Trd, 001833.780, 151
Trd, 001835.660, 152
Trd, 001837.500, 155.0
Trd, 001842.700, 157.0
Trd, 001861.960, 157
Trd, 001862.800, 156.0
Trd, 001863.320, 148
Trd, 001864.820, 147
Trd, 001865.140, 150
Trd, 001865.180, 151
Trd, 001867.180, 153.0
Trd, 001886.120, 155.0
Trd, 001892.560, 149.0
Trd, 001893.600, 148
Trd, 001895.700, 146
Trd, 001895.860, 147
Trd, 001899.780, 153.0
Trd, 001901.040, 155.0
Trd, 001905.120, 145.0
Trd, 001909.320, 166
Trd, 001922.460, 156
Trd, 001922.960, 146.0
Trd, 001923.000, 154
Trd, 001923.200, 184
Trd, 001923.820, 155.0
Trd, 001924.980, 157.0
Trd, 001940.860, 158
Trd, 001952.840, 156.0
Trd, 001952.880, 149.0
Trd, 001953.020, 157.0
Trd, 001954.840, 151
Trd, 001959.700, 155
Trd, 001960.160, 155.0
Trd, 001961.820, 155
Trd, 001968.500, 154
Trd, 001983.380, 148.0
Trd, 001983.520, 145
Trd, 001984.100, 152
Trd, 001985.160, 153.0
Trd, 001987.660, 156.0
Trd, 002005.780, 161
Trd, 002007.620, 146.0
Trd, 002012.720, 163
Trd, 002012.760, 149
Trd, 002012.840, 173.0
Trd, 002013.520, 162
Trd, 002014.720, 154
Trd, 002022.140, 157.0
Trd, 002031.700, 151
Trd, 002038.540, 145.0
Trd, 002043.340, 152
Trd, 002044.060, 147.0
Trd, 002044.840, 150
Trd, 002046.000, 150
Trd, 002046.280, 154.0
Trd, 002046.340, 156.0
Trd, 002050.180, 166
Trd, 002073.020, 153.0
Trd, 002073.120, 149
Trd, 002073.140, 156.0
Trd, 002074.500, 157
Trd, 002074.980, 154
Trd, 002084.860, 152
Trd, 002097.780, 153
Trd, 002103.000, 157.0
Trd, 002103.340, 149
Trd, 002104.140, 155.0
Trd, 002104.280, 153
Trd, 002105.080, 152
Trd, 002110.260, 155.0
Trd, 002113.620, 151
Trd, 002133.080, 143
Trd, 002133.140, 144
Trd, 002133.300, 155.0
Trd, 002134.780, 147.0
Trd, 002136.780, 147.0
Trd, 002143.700, 147
Trd, 002153.580, 155.0
Trd, 002163.020, 155
Trd, 002163.480, 154
Trd, 002163.680, 153.0
Trd, 002164.280, 149.0
Trd, 002164.320, 152
Trd, 002165.280, 152
Trd, 002168.440, 166
Trd, 002192.860, 168
Trd, 002193.240, 169
Trd, 002195.620, 155.0
Trd, 002196.780, 152
Trd, 002197.060, 146.0
Trd, 002198.760, 153
Trd, 002198.880, 150
Trd, 002223.120, 147.0
Trd, 002223.440, 148
Trd, 002223.980, 162
Trd, 002224.140, 150
Trd, 002224.380, 153
Trd, 002225.400, 157.0
Trd, 002234.380, 144.0
Trd, 002253.180, 149
Trd, 002254.220, 150
Trd, 002255.060, 155.0
Trd, 002257.120, 149.0
Trd, 002259.200, 150
Trd, 002264.000, 146.0
Trd, 002265.260, 155.0
Trd, 002283.100, 145
Trd, 002283.460, 151
Trd, 002283.700, 147.0
Trd, 002284.980, 147
Trd, 002286.720, 150
Trd, 002298.120, 153.0
Trd, 002305.940, 155.0
Trd, 002312.820, 165
Trd, 002313.500, 147.0
Trd, 002313.660, 153
Trd, 002314.340, 154.0
Trd, 002314.440, 152
Trd, 002316.760, 155.0
Trd, 002318.840, 160
Trd, 002320.600, 147
Trd, 002343.720, 149.0
Trd, 002343.980, 150
Trd, 002344.020, 153.0
Trd, 002344.920, 150
Trd, 002349.940, 151
Trd, 002350.160, 156.0
Trd, 002363.680, 152
Trd, 002371.700, 150
Trd, 002373.240, 153.0
Trd, 002373.520, 148
Trd, 002373.900, 139
Trd, 002374.440, 148.0
Trd, 002375.220, 147
Trd, 002375.640, 155.0
Trd, 002377.840, 167
Trd, 002382.640, 162
Trd, 002403.200, 163
Trd, 002403.380, 158.0
Trd, 002403.640, 162
Trd, 002403.920, 162
Trd, 002404.620, 153
Trd, 002421.900, 157.0
Trd, 002422.240, 147.0
Trd, 002424.420, 164
Trd, 002433.460, 148.0
Trd, 002433.720, 155
Trd, 002434.320, 155.0
Trd, 002437.060, 155.0
Trd, 002437.540, 154
Trd, 002445.200, 149
Trd, 002461.720, 147.0
Trd, 002463.720, 154.0
Trd, 002464.260, 149.0
Trd, 002464.900, 152
Trd, 002472.640, 149
Trd, 002475.520, 146
Trd, 002477.740, 151
Trd, 002489.580, 156.0
Trd, 002494.040, 148.0
Trd, 002494.440, 149
Trd, 002497.020, 148
Trd, 002498.300, 147
Trd, 002499.000, 153.0
Trd, 002523.440, 149.0
Trd, 002523.640, 150
Trd, 002524.380, 155.0
Trd, 002528.460, 149
Trd, 002529.140, 149
Trd, 002553.320, 118
Trd, 002553.620, 151
Trd, 002553.840, 160.0
Trd, 002554.260, 160
Trd, 002555.280, 160
Trd, 002555.820, 156.0
Trd, 002559.120, 146
Trd, 002584.120, 161
Trd, 002584.200, 152.0
Trd, 002584.340, 145
Trd, 002585.140, 160.0
Trd, 002594.920, 160
Trd, 002595.580, 156.0
Trd, 002597.320, 144
Trd, 002598.920, 161
Trd, 002600.160, 144.0
Trd, 002601.540, 165
Trd, 002613.460, 145
Trd, 002613.700, 156
Trd, 002614.080, 158
Trd, 002614.280, 154
Trd, 002614.520, 145.0
Trd, 002614.540, 141
Trd, 002617.400, 152.0
Trd, 002621.580, 154
Trd, 002627.660, 149
Trd, 002643.420, 162
Trd, 002643.660, 140.0
Trd, 002644.000, 148.0
Trd, 002644.220, 156.0
Trd, 002645.220, 153
Trd, 002647.740, 154
Trd, 002648.060, 151
Trd, 002649.800, 156
Trd, 002651.720, 149
Trd, 002658.120, 146
Trd, 002673.900, 147
Trd, 002674.520, 159
Trd, 002674.860, 156
Trd, 002674.920, 153.0
Trd, 002675.520, 151
Trd, 002675.900, 158
Trd, 002677.160, 166
Trd, 002679.800, 148
Trd, 002681.800, 142
Trd, 002703.660, 130.0
Trd, 002703.720, 153
Trd, 002704.140, 160.0
Trd, 002704.560, 151.0
Trd, 002704.940, 147
Trd, 002705.820, 153
Trd, 002706.400, 148
Trd, 002707.940, 158
Trd, 002717.580, 152
Trd, 002727.120, 145
Trd, 002733.700, 156
Trd, 002733.740, 146
Trd, 002733.980, 156.0
Trd, 002735.240, 152.0
Trd, 002735.540, 146
Trd, 002735.600, 151
Trd, 002735.960, 145
Trd, 002736.080, 144
Trd, 002740.480, 142.0
Trd, 002752.960, 171
Trd, 002763.780, 158
Trd, 002764.280, 160
Trd, 002764.460, 155
Trd, 002764.840, 160
Trd, 002765.860, 156.0
Trd, 002766.080, 161
Trd, 002768.000, 153.0
Trd, 002776.660, 144.0
Trd, 002779.460, 150
Trd, 002791.860, 146
Trd, 002793.840, 148
Trd, 002794.000, 148.0
Trd, 002794.820, 143.0
Trd, 002795.100, 151
Trd, 002795.560, 158
Trd, 002795.580, 159
Trd, 002796.840, 164
Trd, 002803.400, 163
Trd, 002806.760, 157.0
Trd, 002824.380, 158
Trd, 002824.700, 156.0
Trd, 002824.760, 153.0
Trd, 002824.960, 142.0
Trd, 002825.760, 164
Trd, 002829.000, 164
Trd, 002831.120, 160.0
Trd, 002845.360, 148
Trd, 002848.880, 159
Trd, 002851.320, 159
Trd, 002853.980, 156.0
Trd, 002854.020, 159
Trd, 002854.600, 163
Trd, 002854.920, 152.0
Trd, 002855.400, 149
Trd, 002857.100, 158
Trd, 002857.440, 147
Trd, 002860.120, 150
Trd, 002864.160, 159
Trd, 002864.420, 160
Trd, 002883.940, 161
Trd, 002884.000, 158
Trd, 002884.220, 151.0
Trd, 002886.340, 160.0
Trd, 002888.160, 156.0
Trd, 002889.960, 147
Trd, 002894.000, 146
Trd, 002895.380, 146
Trd, 002900.000, 153
Trd, 002900.720, 156
Trd, 002903.120, 144.0
Trd, 002914.060, 145
Trd, 002914.240, 142
Trd, 002914.340, 145.0
Trd, 002914.560, 142
Trd, 002915.420, 141
Trd, 002915.700, 145.0
Trd, 002917.440, 162
Trd, 002928.980, 172
Trd, 002942.900, 147
Trd, 002943.980, 147
Trd, 002944.180, 144.0
Trd, 002944.200, 129
Trd, 002945.040, 144
Trd, 002945.200, 145.0
Trd, 002945.720, 147
Trd, 002945.920, 143
Trd, 002946.280, 149
Trd, 002947.720, 147
Trd, 002973.680, 144
Trd, 002973.880, 146
Trd, 002974.520, 161.0
Trd, 002974.620, 155
Trd, 002974.640, 153
Trd, 002975.180, 157.0
Trd, 002975.900, 158
Trd, 002983.380, 157
Trd, 002991.700, 172
Trd, 003004.020, 148.0
Trd, 003005.580, 157.0
Trd, 003005.880, 153
Trd, 003006.740, 162
Trd, 003009.360, 160.0
Trd, 003016.120, 162
Trd, 003016.360, 152.0
Trd, 003029.280, 163
Trd, 003034.180, 153.0
Trd, 003034.360, 155
Trd, 003034.520, 148
Trd, 003034.960, 158
Trd, 003035.860, 159.0
Trd, 003040.080, 156.0
Trd, 003055.100, 156
Trd, 003056.620, 157
Trd, 003064.520, 157.0
Trd, 003064.640, 161
Trd, 003065.140, 151.0
Trd, 003066.120, 153
Trd, 003066.720, 152
Trd, 003066.740, 158
Trd, 003071.780, 147
Trd, 003072.100, 142
Trd, 003094.220, 142.0
Trd, 003094.580, 160
Trd, 003094.820, 159
Trd, 003100.060, 158
Trd, 003101.620, 155.0
Trd, 003102.360, 153.0
Trd, 003106.700, 153
Trd, 003106.760, 156
Trd, 003109.820, 146
Trd, 003117.920, 144.0
Trd, 003124.540, 152.0
Trd, 003124.800, 155
Trd, 003124.900, 151
Trd, 003125.200, 156
Trd, 003125.280, 139.0
Trd, 003125.760, 158
Trd, 003126.100, 159
Trd, 003126.280, 147.0
Trd, 003127.260, 162
Trd, 003154.120, 111
Trd, 003154.240, 140.0
Trd, 003154.380, 153.0
Trd, 003154.580, 141
Trd, 003155.860, 160.0
Trd, 003157.220, 157.0
Trd, 003168.760, 159
Trd, 003174.500, 163
Trd, 003184.460, 141
Trd, 003185.140, 143.0
Trd, 003185.200, 144.0
Trd, 003185.660, 161.0
Trd, 003187.040, 163
Trd, 003188.720, 157.0
Trd, 003191.140, 151.0
Trd, 003210.220, 165
Trd, 003214.520, 160.0
Trd, 003214.720, 158
Trd, 003214.980, 161
Trd, 003215.140, 155.0
Trd, 003215.900, 151.0
Trd, 003217.260, 146
Trd, 003225.040, 151
Trd, 003232.840, 146
Trd, 003233.240, 152
Trd, 003238.040, 155
Trd, 003244.420, 158
Trd, 003244.680, 130.0
Trd, 003245.160, 141
Trd, 003245.280, 142
Trd, 003245.880, 142.0
Trd, 003246.640, 141
Trd, 003247.300, 147.0
Trd, 003247.480, 154
Trd, 003260.360, 165
Trd, 003274.460, 159
Trd, 003274.740, 151.0
Trd, 003275.040, 156
Trd, 003275.520, 169
Trd, 003276.020, 161
Trd, 003277.220, 160.0
Trd, 003277.720, 145
Trd, 003291.160, 154
Trd, 003299.960, 143.0
Trd, 003304.380, 153.0
Trd, 003304.680, 160.0
Trd, 003304.980, 156.0
Trd, 003305.580, 148.0
Trd, 003306.660, 142.0
Trd, 003307.600, 149
Trd, 003308.220, 143
Trd, 003308.620, 153
Trd, 003316.160, 149
Trd, 003323.620, 150
Trd, 003334.720, 156.0
Trd, 003334.940, 153
Trd, 003335.460, 153.0
Trd, 003335.840, 156
Trd, 003336.360, 146
Trd, 003337.840, 158
Trd, 003340.460, 163
Trd, 003346.020, 152
Trd, 003361.200, 154
Trd, 003364.560, 142.0
Trd, 003364.660, 147
Trd, 003365.400, 150.0
Trd, 003366.440, 159.0
Trd, 003368.600, 153.0
Trd, 003370.480, 158
Trd, 003375.300, 152
Trd, 003377.240, 146
Trd, 003383.220, 143
Trd, 003390.260, 162
Trd, 003394.740, 139.0
Trd, 003395.180, 148
Trd, 003395.380, 149
Trd, 003395.400, 152
Trd, 003396.160, 155
Trd, 003396.920, 154
Trd, 003398.640, 155
Trd, 003399.660, 153.0
Trd, 003401.460, 158
Trd, 003406.060, 147
Trd, 003424.580, 142.0
Trd, 003424.780, 159
Trd, 003425.740, 159.0
Trd, 003427.780, 159
Trd, 003428.840, 153.0
Trd, 003428.960, 169
Trd, 003433.300, 147
Trd, 003440.980, 152
Trd, 003447.800, 154
Trd, 003454.680, 157
Trd, 003454.900, 152.0
Trd, 003455.460, 147
Trd, 003455.660, 161.0
Trd, 003456.380, 146
Trd, 003457.000, 162
Trd, 003457.320, 156.0
Trd, 003458.280, 153
Trd, 003472.720, 144.0
Trd, 003477.840, 152
Trd, 003484.780, 159.0
Trd, 003485.140, 150
Trd, 003485.800, 155
Trd, 003486.720, 157.0
Trd, 003488.240, 161
Trd, 003488.260, 163
Trd, 003499.460, 153.0
Trd, 003502.900, 159
Trd, 003506.960, 148
Trd, 003514.640, 146
Trd, 003515.000, 156.0
Trd, 003516.360, 160.0
Trd, 003516.840, 162
Trd, 003518.160, 156
Trd, 003518.400, 162
Trd, 003521.540, 160
Trd, 003538.020, 156
Trd, 003544.800, 162
Trd, 003545.260, 152.0
Trd, 003545.420, 157
Trd, 003545.860, 152
Trd, 003546.340, 156.0
Trd, 003558.660, 152
Trd, 003561.780, 156
Trd, 003566.580, 148
Trd, 003574.760, 154
Trd, 003575.400, 163
Trd, 003575.460, 156.0
Trd, 003575.820, 161.0
Trd, 003576.360, 163
Trd, 003578.520, 151.0
Trd, 003578.720, 146
Trd, 003581.280, 159
Trd, 003582.080, 144
Trd, 003596.360, 144.0
Trd, 003605.120, 143.0
Trd, 003605.240, 145.0
Trd, 003605.440, 141
Trd, 003605.500, 150.0
Trd, 003605.680, 156.0
Trd, 003606.140, 144
Trd, 003610.020, 170
Trd, 003611.660, 153.0
Trd, 003622.100, 158
Trd, 003623.400, 147
Trd, 003627.460, 139
Trd, 003634.920, 129
Trd, 003634.980, 147.0
Trd, 003635.780, 160.0
Trd, 003635.840, 156.0
Trd, 003636.260, 151.0
Trd, 003636.480, 151
Trd, 003637.180, 148
Trd, 003637.920, 153
Trd, 003640.080, 142.0
Trd, 003657.200, 166
Trd, 003665.100, 145.0
Trd, 003665.120, 144
Trd, 003665.560, 143.0
Trd, 003666.700, 153.0
Trd, 003667.280, 155.0
Trd, 003673.580, 154
Trd, 003678.900, 161
Trd, 003680.940, 161
Trd, 003687.000, 155
Trd, 003694.880, 154
Trd, 003695.040, 144
Trd, 003695.200, 126.0
Trd, 003695.980, 145.0
Trd, 003696.580, 144
Trd, 003696.800, 144.0
Trd, 003703.980, 150
Trd, 003707.800, 154
Trd, 003712.000, 155
Trd, 003714.120, 155
Trd, 003724.980, 143
Trd, 003725.340, 143.0
Trd, 003725.600, 149.0
Trd, 003727.240, 152.0
Trd, 003727.800, 154
Trd, 003728.360, 148
Trd, 003728.640, 154
Trd, 003734.400, 175
Trd, 003738.700, 156
Trd, 003742.580, 142.0
Trd, 003751.640, 156
Trd, 003754.900, 139.0
Trd, 003755.420, 154
Trd, 003756.740, 159.0
Trd, 003757.380, 155.0
Trd, 003763.820, 147
Trd, 003773.800, 145
Trd, 003773.980, 152
Trd, 003776.420, 151
Trd, 003776.760, 152
Trd, 003785.480, 248.0
Trd, 003786.320, 253.0
Trd, 003787.280, 255
Trd, 003788.860, 260.0
Trd, 003790.600, 267
Trd, 003791.300, 268
Trd, 003794.500, 255
Trd, 003807.740, 263
Trd, 003812.600, 257
Trd, 003815.140, 255.0
Trd, 003815.360, 255
Trd, 003815.560, 263
Trd, 003816.500, 257
Trd, 003816.680, 256.0
Trd, 003818.520, 254
Trd, 003819.580, 260
Trd, 003838.580, 251.0
Trd, 003845.160, 256
Trd, 003845.500, 260.0
Trd, 003845.580, 258.0
Trd, 003845.640, 264
Trd, 003847.400, 259
Trd, 003849.600, 255
Trd, 003859.100, 249.0
Trd, 003859.260, 238
Trd, 003870.760, 234
Trd, 003872.320, 276
Trd, 003872.420, 279
Trd, 003875.120, 258.0
Trd, 003875.300, 241.0
Trd, 003877.740, 260
Trd, 003878.160, 279
Trd, 003894.500, 263
Trd, 003896.400, 258
Trd, 003898.880, 257
Trd, 003905.540, 262
Trd, 003905.580, 261
Trd, 003905.680, 258.0
Trd, 003906.060, 251
Trd, 003906.500, 245
Trd, 003906.520, 255
Trd, 003910.940, 256.0
Trd, 003912.540, 240
Trd, 003919.080, 277
Trd, 003921.440, 238
Trd, 003923.180, 246
Trd, 003935.520, 255
Trd, 003935.740, 257.0
Trd, 003935.960, 255
Trd, 003936.780, 274
Trd, 003939.540, 263
Trd, 003942.160, 249.0
Trd, 003945.860, 250
Trd, 003947.200, 251
Trd, 003948.920, 243
Trd, 003965.360, 275
Trd, 003965.600, 258.0
Trd, 003966.140, 280
Trd, 003967.060, 268.0
Trd, 003969.860, 260
Trd, 003971.160, 275
Trd, 003980.380, 271
Trd, 003983.540, 252.0
Trd, 003995.280, 264.0
Trd, 003995.440, 258
Trd, 003995.900, 244
Trd, 003996.120, 256.0
Trd, 003996.360, 250.0
Trd, 003996.600, 261
Trd, 004000.040, 257.0
Trd, 004001.780, 260
Trd, 004001.880, 260
Trd, 004002.080, 260
Trd, 004005.940, 242
Trd, 004008.020, 246
Trd, 004013.000, 237
Trd, 004025.460, 253.0
Trd, 004025.820, 251.0
Trd, 004026.120, 247
Trd, 004026.560, 246
Trd, 004026.720, 251
Trd, 004027.200, 247
Trd, 004027.500, 243
Trd, 004027.580, 250
Trd, 004029.180, 243
Trd, 004031.520, 254.0
Trd, 004037.300, 249
Trd, 004037.960, 257.0
Trd, 004041.740, 239
Trd, 004055.320, 239.0
Trd, 004055.480, 278
Trd, 004055.720, 267
Trd, 004056.120, 263.0
Trd, 004056.640, 260
Trd, 004057.200, 258
Trd, 004058.580, 253.0
Trd, 004060.080, 250.0
Trd, 004068.220, 250
Trd, 004068.400, 253
Trd, 004069.220, 256
Trd, 004070.520, 282
Trd, 004070.800, 239
Trd, 004085.760, 251
Trd, 004085.940, 254
Trd, 004086.240, 256.0
Trd, 004086.440, 254.0
Trd, 004086.660, 260
Trd, 004087.120, 254
Trd, 004088.340, 257
Trd, 004088.520, 255
Trd, 004089.600, 251
Trd, 004092.100, 242
Trd, 004092.240, 251
Trd, 004101.560, 238
Trd, 004111.640, 251
Trd, 004115.580, 256
Trd, 004115.840, 268.0
Trd, 004115.920, 260
Trd, 004116.280, 254.0
Trd, 004116.740, 256.0
Trd, 004117.040, 255
Trd, 004117.280, 251.0
Trd, 004117.720, 242
Trd, 004118.820, 240.0
Trd, 004119.640, 246
Trd, 004121.160, 251
Trd, 004128.460, 238
Trd, 004145.560, 242
Trd, 004145.940, 256.0
Trd, 004146.020, 259.0
Trd, 004146.660, 249
Trd, 004147.000, 252
Trd, 004147.420, 254
Trd, 004147.620, 252.0
Trd, 004147.720, 253
Trd, 004148.640, 251
Trd, 004150.360, 249
Trd, 004151.160, 249.0
Trd, 004156.060, 238
Trd, 004157.400, 248
Trd, 004175.580, 264.0
Trd, 004175.660, 258.0
Trd, 004175.720, 256
Trd, 004175.900, 259
Trd, 004176.220, 260
Trd, 004177.400, 261.0
Trd, 004178.100, 260
Trd, 004178.660, 257
Trd, 004180.040, 252.0
Trd, 004181.360, 240
Trd, 004182.000, 246
Trd, 004187.300, 244
Trd, 004191.880, 236
Trd, 004205.540, 243.0
Trd, 004205.740, 246
Trd, 004205.840, 252
Trd, 004206.020, 256.0
Trd, 004206.940, 250.0
Trd, 004207.080, 248
Trd, 004207.260, 253.0
Trd, 004207.420, 256.0
Trd, 004208.000, 256
Trd, 004208.920, 247
Trd, 004209.020, 259.0
Trd, 004209.320, 277
Trd, 004215.080, 239
Trd, 004236.040, 250
Trd, 004236.120, 251
Trd, 004236.340, 252.0
Trd, 004236.520, 254
Trd, 004237.760, 254
Trd, 004237.960, 255
Trd, 004238.700, 254
Trd, 004240.260, 256.0
Trd, 004241.120, 260.0
Trd, 004245.640, 257
Trd, 004249.460, 265
Trd, 004255.000, 240
Trd, 004255.880, 235
Trd, 004265.700, 269
Trd, 004265.760, 259.0
Trd, 004265.900, 260.0
Trd, 004266.520, 250
Trd, 004266.760, 253
Trd, 004266.800, 251.0
Trd, 004267.120, 248.0
Trd, 004268.960, 247
Trd, 004269.280, 251
Trd, 004270.560, 248
Trd, 004273.660, 254.0
Trd, 004277.260, 240.0
Trd, 004279.720, 238
Trd, 004295.640, 239.0
Trd, 004295.760, 240
Trd, 004296.260, 245
Trd, 004296.540, 243.0
Trd, 004296.760, 243.0
Trd, 004296.820, 243.0
Trd, 004297.040, 241
Trd, 004297.320, 243.0
Trd, 004298.600, 241
Trd, 004300.160, 251
Trd, 004302.340, 255.0
Trd, 004307.240, 258.0
Trd, 004326.040, 250
Trd, 004326.520, 252.0
Trd, 004326.960, 251.0
Trd, 004327.020, 252.0
Trd, 004327.320, 251
Trd, 004327.440, 249
Trd, 004328.220, 256.0
Trd, 004328.420, 252
Trd, 004330.040, 253.0
Trd, 004330.800, 254
Trd, 004333.880, 257.0
Trd, 004336.380, 239
Trd, 004343.880, 265
Trd, 004355.840, 268
Trd, 004356.280, 270
Trd, 004356.560, 265.0
Trd, 004356.860, 260.0
Trd, 004357.520, 252.0
Trd, 004357.780, 257.0
Trd, 004358.900, 251
Trd, 004360.160, 247
Trd, 004361.480, 242
Trd, 004362.020, 241
Trd, 004363.660, 279
Trd, 004367.520, 260
Trd, 004374.060, 237
Trd, 004385.900, 273.0
Trd, 004385.980, 269.0
Trd, 004386.520, 265.0
Trd, 004386.860, 262.0
Trd, 004387.600, 257
Trd, 004388.020, 256.0
Trd, 004389.120, 250.0
Trd, 004389.180, 257.0
Trd, 004389.900, 258
Trd, 004396.080, 240
Trd, 004397.280, 255
Trd, 004398.020, 233
Trd, 004407.520, 254
Trd, 004415.640, 262
Trd, 004415.760, 263.0
Trd, 004415.920, 259.0
Trd, 004416.980, 253
Trd, 004417.000, 257
Trd, 004417.320, 241
Trd, 004417.600, 246
Trd, 004418.300, 240
Trd, 004418.460, 241.0
Trd, 004418.680, 241
Trd, 004419.320, 245
Trd, 004422.520, 247
Trd, 004423.780, 239
Trd, 004433.480, 236
Trd, 004445.860, 265
Trd, 004445.980, 254.0
Trd, 004446.220, 250.0
Trd, 004446.560, 254.0
Trd, 004447.260, 245.0
Trd, 004447.540, 249
Trd, 004447.840, 250.0
Trd, 004448.400, 255.0
Trd, 004450.240, 251
Trd, 004458.860, 239
Trd, 004465.260, 237
Trd, 004472.040, 259.0
Trd, 004475.860, 253
Trd, 004476.180, 270.0
Trd, 004476.200, 265.0
Trd, 004476.460, 272
Trd, 004477.260, 251.0
Trd, 004478.560, 252.0
Trd, 004479.100, 251.0
Trd, 004479.700, 251
Trd, 004480.920, 247
Trd, 004484.840, 256.0
Trd, 004486.020, 259.0
Trd, 004489.900, 252
Trd, 004498.460, 277
Trd, 004505.720, 258
Trd, 004506.040, 236.0
Trd, 004506.380, 231.0
Trd, 004507.000, 227.0
Trd, 004507.140, 226
Trd, 004507.160, 231
Trd, 004507.240, 239
Trd, 004508.680, 241.0
Trd, 004509.420, 252.0
Trd, 004510.820, 258.0
Trd, 004513.080, 280
Trd, 004513.420, 249
Trd, 004514.140, 268
Trd, 004536.000, 276.0
Trd, 004536.180, 270.0
Trd, 004536.240, 264.0
Trd, 004536.260, 259.0
Trd, 004536.820, 264
Trd, 004537.680, 254.0
Trd, 004537.780, 252.0
Trd, 004538.140, 249
Trd, 004539.020, 241
Trd, 004539.580, 231.0
Trd, 004540.480, 245
Trd, 004553.680, 280
Trd, 004561.960, 269
Trd, 004565.940, 246
Trd, 004566.160, 246.0
Trd, 004566.280, 240
Trd, 004566.740, 246
Trd, 004567.100, 247
Trd, 004567.200, 246.0
Trd, 004567.700, 246.0
Trd, 004567.840, 243
Trd, 004568.540, 252.0
Trd, 004570.240, 248
Trd, 004581.440, 238
Trd, 004591.260, 257.0
Trd, 004595.800, 260.0
Trd, 004596.100, 259
Trd, 004596.480, 260
Trd, 004596.640, 254
Trd, 004597.800, 242
Trd, 004597.980, 236
Trd, 004598.220, 243.0
Trd, 004599.340, 254
Trd, 004600.200, 260.0
Trd, 004600.560, 278
Trd, 004601.860, 265.0
Trd, 004605.240, 251.0
Trd, 004617.760, 236
Trd, 004622.480, 247
Trd, 004625.740, 243.0
Trd, 004626.180, 249.0
Trd, 004626.480, 249.0
Trd, 004626.800, 249
Trd, 004627.100, 249.0
Trd, 004627.940, 252
Trd, 004628.240, 248
Trd, 004628.620, 253
Trd, 004629.760, 251
Trd, 004630.080, 256.0
Trd, 004632.340, 242
Trd, 004636.400, 257.0
Trd, 004649.060, 235
Trd, 004655.820, 258.0
Trd, 004655.940, 249.0
Trd, 004656.560, 232
Trd, 004656.720, 239
Trd, 004656.880, 246
Trd, 004657.060, 248
Trd, 004657.220, 251
Trd, 004657.320, 244
Trd, 004658.300, 254.0
Trd, 004661.960, 249
Trd, 004665.360, 251
Trd, 004676.220, 239
Trd, 004686.540, 242.0
Trd, 004686.580, 249
Trd, 004686.840, 236
Trd, 004687.000, 237.0
Trd, 004687.100, 232
Trd, 004687.280, 237.0
Trd, 004687.720, 248
Trd, 004687.760, 256.0
Trd, 004688.060, 256.0
Trd, 004688.180, 235
Trd, 004691.860, 259.0
Trd, 004699.820, 274
Trd, 004710.800, 262
Trd, 004715.820, 254
Trd, 004716.340, 234
Trd, 004716.760, 230.0
Trd, 004717.000, 232.0
Trd, 004717.180, 233
Trd, 004717.220, 236
Trd, 004717.320, 239.0
Trd, 004717.540, 247
Trd, 004717.740, 248
Trd, 004719.740, 252.0
Trd, 004720.020, 256.0
Trd, 004722.920, 279
Trd, 004729.880, 242
Trd, 004733.200, 248
Trd, 004746.140, 246
Trd, 004746.300, 238
Trd, 004746.500, 242.0
Trd, 004746.700, 247
Trd, 004746.800, 240
Trd, 004747.380, 245
Trd, 004747.460, 238
Trd, 004747.700, 253
Trd, 004748.140, 260.0
Trd, 004748.840, 258
Trd, 004749.220, 260.0
Trd, 004751.200, 282
Trd, 004761.980, 236
Trd, 004771.600, 261
Trd, 004775.960, 254.0
Trd, 004776.120, 254
Trd, 004776.300, 256
Trd, 004776.460, 254
Trd, 004776.500, 250.0
Trd, 004776.660, 240.0
Trd, 004776.760, 247.0
Trd, 004777.880, 256.0
Trd, 004778.080, 258.0
Trd, 004778.800, 256
Trd, 004780.720, 269
Trd, 004782.920, 260
Trd, 004785.780, 235.0
Trd, 004806.020, 241.0
Trd, 004806.180, 248
Trd, 004806.300, 254.0
Trd, 004806.400, 245.0
Trd, 004806.580, 252
Trd, 004807.100, 242
Trd, 004807.320, 256.0
Trd, 004807.520, 256
Trd, 004807.980, 285
Trd, 004809.720, 263.0
Trd, 004810.840, 260
Trd, 004812.780, 255
Trd, 004826.460, 236
Trd, 004835.960, 241.0
Trd, 004836.260, 256.0
Trd, 004836.380, 241
Trd, 004836.760, 237
Trd, 004836.980, 238
Trd, 004837.080, 241
Trd, 004837.660, 237
Trd, 004837.820, 252
Trd, 004839.240, 240
Trd, 004840.460, 252
Trd, 004841.840, 252
Trd, 004856.120, 239
Trd, 004866.000, 243
Trd, 004866.360, 256
Trd, 004866.400, 246
Trd, 004866.580, 238
Trd, 004866.720, 257.0
Trd, 004867.120, 251
Trd, 004867.720, 251
Trd, 004871.200, 253.0
Trd, 004871.800, 252
Trd, 004876.680, 260.0
Trd, 004881.220, 250.0
Trd, 004889.060, 246
Trd, 004896.080, 260.0
Trd, 004896.200, 272.0
Trd, 004896.300, 250.0
Trd, 004896.460, 263.0
Trd, 004896.980, 258.0
Trd, 004897.000, 259
Trd, 004897.420, 250
Trd, 004898.000, 252.0
Trd, 004898.360, 261.0
Trd, 004901.400, 256
Trd, 004906.840, 267
Trd, 004926.060, 219
Trd, 004926.120, 227
Trd, 004926.600, 255
Trd, 004926.760, 256
Trd, 004926.880, 257
Trd, 004927.360, 255.0
Trd, 004927.400, 252
Trd, 004927.940, 260.0
Trd, 004928.520, 266
Trd, 004928.600, 250
Trd, 004935.320, 262
Trd, 004941.640, 248.0
Trd, 004948.720, 279
Trd, 004951.100, 235
Trd, 004956.180, 258.0
Trd, 004956.360, 253.0
Trd, 004956.500, 249.0
Trd, 004956.640, 237
Trd, 004956.720, 233.0
Trd, 004956.780, 260
Trd, 004957.680, 256.0
Trd, 004958.180, 260
Trd, 004960.820, 258.0
Trd, 004960.940, 234.0
Trd, 004961.380, 238
Trd, 004966.760, 246
Trd, 004974.520, 232
Trd, 004986.060, 240.0
Trd, 004986.240, 252.0
Trd, 004986.480, 256.0
Trd, 004986.720, 260.0
Trd, 004986.760, 258
Trd, 004986.940, 248.0
Trd, 004986.960, 238
Trd, 004989.720, 268.0
Trd, 004998.160, 262
