Trd, 000030.260, 120
Trd, 000030.500, 145.0
Trd, 000030.680, 110
Trd, 000031.060, 113
Trd, 000031.080, 106
Trd, 000031.100, 100.0
Trd, 000031.700, 119.0
Trd, 000033.120, 116.0
Trd, 000033.660, 100.0
Trd, 000036.880, 120.0
Trd, 000039.780, 103.0
Trd, 000043.800, 110
Trd, 000050.980, 95.0
Trd, 000060.100, 107
Trd, 000060.300, 133.0
Trd, 000060.540, 96.0
Trd, 000060.720, 95.0
Trd, 000060.760, 119
Trd, 000061.460, 96
Trd, 000061.780, 109
Trd, 000066.720, 111.0
Trd, 000069.800, 115
Trd, 000071.280, 116.0
Trd, 000081.580, 120.0
Trd, 000082.460, 114
Trd, 000087.740, 113
Trd, 000088.660, 89
Trd, 000090.320, 133.0
Trd, 000090.480, 128
Trd, 000090.600, 124
Trd, 000090.800, 109
Trd, 000091.280, 107
Trd, 000091.640, 104.0
Trd, 000092.020, 109
Trd, 000092.920, 107
Trd, 000094.640, 110
Trd, 000101.760, 107
Trd, 000116.700, 111
Trd, 000120.300, 112
Trd, 000120.620, 108
Trd, 000120.840, 121
Trd, 000120.860, 107
Trd, 000121.340, 114
Trd, 000121.780, 125
Trd, 000121.860, 112
Trd, 000124.360, 112
Trd, 000132.580, 104.0
Trd, 000150.300, 111
Trd, 000150.360, 91.0
Trd, 000150.640, 89
Trd, 000150.980, 103
Trd, 000151.440, 103
Trd, 000151.780, 96.0
Trd, 000152.440, 112
Trd, 000156.040, 116.0
Trd, 000158.040, 120.0
Trd, 000161.180, 114
Trd, 000161.340, 109
Trd, 000166.120, 116
Trd, 000167.680, 104.0
Trd, 000180.320, 83.0
Trd, 000180.460, 98
Trd, 000180.540, 97
Trd, 000180.760, 104
Trd, 000180.960, 103
Trd, 000181.720, 107
Trd, 000181.940, 96
Trd, 000184.480, 111
Trd, 000189.940, 115
Trd, 000193.200, 109
Trd, 000210.260, 95.0
Trd, 000210.420, 103
Trd, 000210.760, 119.0
Trd, 000210.900, 109
Trd, 000210.980, 105
Trd, 000211.100, 104
Trd, 000212.260, 119.0
Trd, 000215.560, 110
Trd, 000220.220, 109
Trd, 000222.360, 120.0
Trd, 000235.440, 100.0
Trd, 000240.380, 110
Trd, 000241.080, 111
Trd, 000241.180, 111
Trd, 000241.260, 115
Trd, 000241.280, 119
Trd, 000242.300, 112
Trd, 000243.280, 111
Trd, 000245.240, 111
Trd, 000246.360, 104.0
Trd, 000248.480, 114
Trd, 000251.760, 100.0
Trd, 000252.540, 95.0
Trd, 000260.920, 116.0
Trd, 000270.680, 83.0
Trd, 000271.060, 95.0
Trd, 000271.580, 105
Trd, 000271.600, 106
Trd, 000272.380, 108
Trd, 000272.480, 102
Trd, 000273.620, 100
Trd, 000280.920, 112
Trd, 000284.100, 110
Trd, 000284.280, 97
Trd, 000286.740, 116.0
Trd, 000287.160, 107
Trd, 000290.340, 95.0
Trd, 000300.420, 75.0
Trd, 000300.560, 113
Trd, 000300.820, 95.0
Trd, 000300.840, 120.0
Trd, 000301.040, 97
Trd, 000302.000, 110
Trd, 000302.940, 121
Trd, 000303.380, 105
Trd, 000307.780, 113
Trd, 000308.120, 113
Trd, 000312.800, 104.0
Trd, 000320.080, 104
Trd, 000330.560, 145.0
Trd, 000330.640, 133.0
Trd, 000331.900, 110
Trd, 000332.280, 110
Trd, 000332.340, 104
Trd, 000332.480, 99
Trd, 000336.320, 110
Trd, 000336.340, 104
Trd, 000337.220, 110
Trd, 000360.600, 131
Trd, 000360.780, 95.0
Trd, 000360.840, 94
Trd, 000361.160, 90.0
Trd, 000361.340, 91.0
Trd, 000362.500, 99
Trd, 000362.520, 116.0
Trd, 000365.260, 114
Trd, 000366.020, 106
Trd, 000366.120, 102
Trd, 000371.100, 100.0
Trd, 000372.900, 106
Trd, 000380.720, 95.0
Trd, 000390.620, 120
Trd, 000390.720, 100.0
Trd, 000390.840, 96
Trd, 000390.860, 95
Trd, 000391.460, 96
Trd, 000391.880, 108
Trd, 000391.960, 115
Trd, 000392.420, 113.0
Trd, 000394.820, 116.0
Trd, 000397.780, 106
Trd, 000401.020, 104
Trd, 000406.100, 103
Trd, 000420.500, 91.0
Trd, 000420.540, 90
Trd, 000420.680, 114
Trd, 000420.820, 126
Trd, 000421.120, 102
Trd, 000421.280, 101
Trd, 000421.660, 119
Trd, 000421.740, 106
Trd, 000423.820, 108
Trd, 000428.040, 107.0
Trd, 000433.100, 110
Trd, 000434.280, 104.0
Trd, 000450.540, 83.0
Trd, 000451.100, 89
Trd, 000451.180, 90.0
Trd, 000451.280, 91.0
Trd, 000451.320, 95.0
Trd, 000457.780, 109
Trd, 000459.620, 116.0
Trd, 000466.960, 120.0
Trd, 000469.320, 116
Trd, 000480.580, 75.0
Trd, 000480.900, 108
Trd, 000481.180, 111
Trd, 000481.540, 104
Trd, 000482.340, 91
Trd, 000482.400, 114.0
Trd, 000483.600, 114
Trd, 000493.640, 115
Trd, 000494.180, 108
Trd, 000501.900, 115
Trd, 000507.600, 104.0
Trd, 000510.720, 127
Trd, 000510.980, 120
Trd, 000511.060, 108
Trd, 000511.360, 101.0
Trd, 000511.400, 100.0
Trd, 000511.800, 118
Trd, 000514.020, 113
Trd, 000514.760, 108
Trd, 000516.300, 114
Trd, 000518.720, 107
Trd, 000524.020, 104.0
Trd, 000540.620, 130
Trd, 000540.880, 95.0
Trd, 000540.980, 91
Trd, 000541.660, 91
Trd, 000541.680, 90
Trd, 000541.940, 106
Trd, 000541.960, 107
Trd, 000542.680, 99
Trd, 000545.260, 102
Trd, 000546.780, 112
Trd, 000547.780, 103
Trd, 000564.960, 111
Trd, 000570.780, 112
Trd, 000570.920, 145.0
Trd, 000570.980, 111
Trd, 000571.020, 110
Trd, 000571.180, 131
Trd, 000571.500, 122
Trd, 000571.520, 109
Trd, 000577.820, 110.0
Trd, 000582.740, 104.0
Trd, 000588.300, 109
Trd, 000593.540, 110
Trd, 000600.700, 110
Trd, 000600.840, 95.0
Trd, 000601.020, 111
Trd, 000601.640, 120
Trd, 000602.140, 120
Trd, 000602.340, 113
Trd, 000604.760, 118
Trd, 000606.440, 109
Trd, 000612.560, 104.0
Trd, 000620.540, 113
Trd, 000626.460, 111
Trd, 000627.940, 100.0
Trd, 000630.920, 111
Trd, 000630.980, 77
Trd, 000631.040, 82.0
Trd, 000631.200, 83.0
Trd, 000631.460, 91.0
Trd, 000632.280, 114
Trd, 000632.600, 97
Trd, 000633.640, 116.0
Trd, 000634.300, 112
Trd, 000636.980, 112
Trd, 000641.640, 104.0
Trd, 000644.320, 120.0
Trd, 000660.940, 125
Trd, 000661.020, 114
Trd, 000661.320, 94
Trd, 000661.460, 133
Trd, 000661.940, 121
Trd, 000661.960, 124
Trd, 000662.460, 120.0
Trd, 000662.760, 112
Trd, 000663.500, 119
Trd, 000663.820, 104.0
Trd, 000673.740, 95.0
Trd, 000677.640, 112
Trd, 000690.900, 110
Trd, 000691.080, 133
Trd, 000691.560, 113
Trd, 000691.580, 92
Trd, 000692.940, 114
Trd, 000693.380, 113
Trd, 000693.580, 112
Trd, 000695.640, 112
Trd, 000697.860, 113
Trd, 000698.800, 106
Trd, 000702.000, 104.0
Trd, 000720.420, 100.0
Trd, 000721.060, 76.0
Trd, 000721.080, 95.0
Trd, 000721.180, 91.0
Trd, 000721.760, 111
Trd, 000722.520, 104.0
Trd, 000723.120, 112
Trd, 000723.640, 102
Trd, 000724.420, 102
Trd, 000724.480, 107
Trd, 000725.600, 116.0
Trd, 000728.300, 102
Trd, 000750.900, 104
Trd, 000751.160, 95.0
Trd, 000751.280, 116.0
Trd, 000751.840, 100
Trd, 000752.700, 102
Trd, 000752.840, 119.0
Trd, 000756.680, 115
Trd, 000757.380, 106
Trd, 000757.660, 104.0
Trd, 000760.480, 105
Trd, 000766.500, 100.0
Trd, 000779.220, 112
Trd, 000781.000, 66.0
Trd, 000781.120, 109
Trd, 000781.280, 116.0
Trd, 000781.320, 99
Trd, 000781.420, 119.0
Trd, 000781.600, 91
Trd, 000781.660, 90
Trd, 000782.860, 101
Trd, 000787.300, 120.0
Trd, 000796.840, 106
Trd, 000806.240, 120
Trd, 000811.200, 107
Trd, 000811.460, 118
Trd, 000811.620, 104.0
Trd, 000811.820, 119.0
Trd, 000811.960, 120.0
Trd, 000812.420, 117
Trd, 000813.120, 112
Trd, 000817.040, 115
Trd, 000817.440, 116
Trd, 000818.560, 112
Trd, 000841.080, 133.0
Trd, 000841.460, 101.0
Trd, 000841.500, 122
Trd, 000841.700, 100.0
Trd, 000841.760, 96
Trd, 000841.840, 94
Trd, 000841.900, 90
Trd, 000844.600, 110
Trd, 000845.340, 110
Trd, 000846.480, 109
Trd, 000848.540, 95
Trd, 000852.380, 112
Trd, 000871.400, 111
Trd, 000871.520, 125
Trd, 000871.720, 137.0
Trd, 000871.840, 111
Trd, 000872.560, 111
Trd, 000873.220, 106.0
Trd, 000876.540, 104.0
Trd, 000879.280, 102
Trd, 000879.300, 106
Trd, 000880.520, 114
Trd, 000890.380, 100.0
Trd, 000895.260, 116.0
Trd, 000897.080, 95.0
Trd, 000901.200, 135
Trd, 000901.420, 103
Trd, 000901.480, 133.0
Trd, 000902.020, 129
Trd, 000902.520, 125
Trd, 000903.780, 113
Trd, 000904.000, 112
Trd, 000904.520, 106
Trd, 000905.140, 100.0
Trd, 000910.460, 114.0
Trd, 000913.960, 95.0
Trd, 000914.520, 116.0
Trd, 000925.200, 102
Trd, 000931.360, 120.0
Trd, 000931.660, 109
Trd, 000931.820, 108
Trd, 000931.900, 117
Trd, 000932.040, 125
Trd, 000932.180, 117
Trd, 000932.200, 116
Trd, 000932.380, 115
Trd, 000933.860, 104.0
Trd, 000936.720, 120
Trd, 000939.140, 100.0
Trd, 000941.880, 107
Trd, 000950.440, 95.0
Trd, 000961.320, 133
Trd, 000961.440, 100
Trd, 000961.740, 118
Trd, 000961.920, 105
Trd, 000962.180, 101.0
Trd, 000963.860, 103
Trd, 000964.900, 103.0
Trd, 000967.520, 100.0
Trd, 000969.360, 109
Trd, 000970.920, 95.0
Trd, 000972.040, 113
Trd, 000991.360, 66.0
Trd, 000991.520, 95.0
Trd, 000991.820, 91.0
Trd, 000992.120, 82.0
Trd, 000992.400, 83.0
Trd, 000992.720, 116.0
Trd, 000995.640, 120
Trd, 000996.900, 107
Trd, 000997.640, 106
Trd, 001003.280, 118
Trd, 001006.160, 104.0
Trd, 001012.360, 109
Trd, 001021.380, 109
Trd, 001021.640, 107
Trd, 001021.860, 106
Trd, 001021.900, 120.0
Trd, 001022.560, 104.0
Trd, 001022.660, 100.0
Trd, 001023.040, 99
Trd, 001023.940, 109
Trd, 001025.440, 110
Trd, 001026.000, 109
Trd, 001033.800, 109
Trd, 001039.300, 106
Trd, 001051.480, 117
Trd, 001051.600, 133.0
Trd, 001052.020, 113
Trd, 001052.060, 112
Trd, 001052.280, 111
Trd, 001052.320, 116.0
Trd, 001052.980, 110
Trd, 001058.360, 106
Trd, 001060.100, 102.0
Trd, 001061.040, 100.0
Trd, 001063.060, 112
Trd, 001064.080, 98
Trd, 001075.600, 95.0
Trd, 001081.680, 112
Trd, 001081.700, 109
Trd, 001081.960, 108
Trd, 001082.420, 107
Trd, 001082.500, 111
Trd, 001082.560, 104.0
Trd, 001083.020, 103
Trd, 001084.880, 109
Trd, 001086.500, 111.0
Trd, 001093.540, 110
Trd, 001095.280, 102
Trd, 001101.500, 100.0
Trd, 001111.420, 95.0
Trd, 001111.760, 102
Trd, 001111.940, 101
Trd, 001112.200, 110
Trd, 001112.760, 112
Trd, 001112.840, 107
Trd, 001113.060, 104.0
Trd, 001115.860, 113.0
Trd, 001120.260, 103
Trd, 001126.100, 116.0
Trd, 001141.420, 88
Trd, 001141.640, 94.0
Trd, 001142.080, 91.0
Trd, 001142.100, 89
Trd, 001142.120, 95.0
Trd, 001142.280, 98
Trd, 001145.340, 113
Trd, 001149.860, 116.0
Trd, 001152.780, 111
Trd, 001158.480, 104.0
Trd, 001167.140, 120.0
Trd, 001171.660, 93
Trd, 001171.780, 95.0
Trd, 001171.960, 90
Trd, 001172.000, 89
Trd, 001172.200, 120.0
Trd, 001173.800, 107
Trd, 001173.880, 104.0
Trd, 001176.300, 109
Trd, 001176.860, 111
Trd, 001177.040, 109
Trd, 001177.480, 112
Trd, 001177.520, 95.0
Trd, 001179.560, 96
Trd, 001201.660, 145.0
Trd, 001202.220, 134.0
Trd, 001202.360, 133.0
Trd, 001203.060, 111
Trd, 001203.720, 112
Trd, 001203.760, 109
Trd, 001203.920, 104.0
Trd, 001205.160, 119
Trd, 001206.180, 103
Trd, 001208.160, 100.0
Trd, 001219.200, 101
Trd, 001220.780, 95.0
Trd, 001228.020, 112
Trd, 001231.760, 105
Trd, 001231.880, 78
Trd, 001232.140, 129
Trd, 001232.220, 132
Trd, 001232.360, 124
Trd, 001232.520, 117
Trd, 001232.860, 99
Trd, 001233.740, 108
Trd, 001235.720, 113
Trd, 001243.440, 110
Trd, 001255.520, 104.0
Trd, 001261.760, 83.0
Trd, 001261.820, 90.0
Trd, 001262.060, 76.0
Trd, 001262.400, 91.0
Trd, 001262.800, 95.0
Trd, 001263.540, 120.0
Trd, 001267.960, 115
Trd, 001269.100, 108
Trd, 001269.740, 105
Trd, 001271.680, 119
Trd, 001276.720, 104.0
Trd, 001289.760, 100.0
Trd, 001291.800, 106
Trd, 001291.880, 116
Trd, 001292.320, 113
Trd, 001292.580, 105
Trd, 001293.100, 108
Trd, 001293.120, 108
Trd, 001294.480, 104.0
Trd, 001295.620, 110
Trd, 001300.200, 108
Trd, 001301.500, 109
Trd, 001307.080, 113
Trd, 001316.840, 100.0
Trd, 001321.700, 145.0
Trd, 001322.320, 94.0
Trd, 001322.360, 88
Trd, 001322.580, 88
Trd, 001323.240, 91.0
Trd, 001324.820, 95.0
Trd, 001325.540, 98
Trd, 001327.400, 103
Trd, 001328.280, 102
Trd, 001329.280, 101
Trd, 001332.240, 106
Trd, 001352.080, 132
Trd, 001352.360, 120.0
Trd, 001352.460, 115
Trd, 001352.600, 107
Trd, 001352.740, 103
Trd, 001353.300, 100.0
Trd, 001354.440, 108
Trd, 001355.360, 107
Trd, 001358.320, 110
Trd, 001364.420, 109
Trd, 001380.340, 112
Trd, 001382.160, 108
Trd, 001382.280, 83.0
Trd, 001382.400, 104
Trd, 001382.920, 104
Trd, 001383.100, 103
Trd, 001383.180, 112
Trd, 001385.080, 114.0
Trd, 001393.740, 116.0
Trd, 001395.480, 115
Trd, 001398.460, 100.0
Trd, 001399.220, 95.0
Trd, 001407.160, 90
Trd, 001411.800, 106
Trd, 001411.900, 83.0
Trd, 001411.960, 66.0
Trd, 001412.020, 105
Trd, 001412.800, 93
Trd, 001413.220, 95.0
Trd, 001414.820, 111
Trd, 001419.180, 109
Trd, 001423.560, 116.0
Trd, 001425.300, 114
Trd, 001426.580, 112
Trd, 001429.640, 111
Trd, 001440.380, 100.0
Trd, 001442.000, 89
Trd, 001442.220, 91.0
Trd, 001442.300, 95.0
Trd, 001443.120, 82.0
Trd, 001443.520, 83.0
Trd, 001443.660, 88
Trd, 001444.020, 97
Trd, 001448.960, 112
Trd, 001449.660, 109
Trd, 001452.780, 107
Trd, 001456.300, 104.0
Trd, 001459.980, 116.0
Trd, 001472.100, 106
Trd, 001472.120, 93
Trd, 001472.200, 103
Trd, 001472.640, 120.0
Trd, 001472.680, 92
Trd, 001473.700, 91.0
Trd, 001475.660, 115
Trd, 001478.200, 115
Trd, 001480.080, 112
Trd, 001487.540, 104.0
Trd, 001489.800, 110
Trd, 001501.980, 83.0
Trd, 001502.160, 95.0
Trd, 001502.420, 66.0
Trd, 001502.540, 112
Trd, 001503.440, 94
Trd, 001504.860, 96
Trd, 001509.880, 109
Trd, 001511.440, 107
Trd, 001520.940, 109
Trd, 001521.300, 116.0
Trd, 001523.780, 108
Trd, 001532.000, 91.0
Trd, 001532.920, 145.0
Trd, 001533.240, 104.0
Trd, 001533.520, 133.0
Trd, 001534.280, 120.0
Trd, 001535.580, 126
Trd, 001536.940, 125
Trd, 001537.840, 123
Trd, 001538.960, 112
Trd, 001545.080, 107
Trd, 001549.680, 107
Trd, 001562.100, 133.0
Trd, 001562.260, 95.0
Trd, 001562.640, 84
Trd, 001562.840, 104
Trd, 001563.100, 120.0
Trd, 001563.580, 102
Trd, 001564.500, 105
Trd, 001564.940, 104
Trd, 001565.540, 100.0
Trd, 001569.840, 112
Trd, 001572.980, 110
Trd, 001576.500, 114
Trd, 001592.200, 115
Trd, 001592.240, 114
Trd, 001592.400, 104.0
Trd, 001592.460, 117.0
Trd, 001592.800, 104
Trd, 001592.900, 118.0
Trd, 001593.540, 91.0
Trd, 001596.720, 116
Trd, 001596.760, 104
Trd, 001603.780, 109
Trd, 001617.880, 111
Trd, 001622.140, 133.0
Trd, 001622.440, 117
Trd, 001622.900, 116
Trd, 001623.040, 100.0
Trd, 001623.300, 92
Trd, 001624.120, 95.0
Trd, 001624.560, 106
Trd, 001624.720, 96
Trd, 001627.280, 110
Trd, 001629.240, 110
Trd, 001630.360, 109
Trd, 001650.000, 95
Trd, 001652.260, 104
Trd, 001652.280, 134
Trd, 001652.700, 91.0
Trd, 001652.900, 91
Trd, 001653.020, 95.0
Trd, 001654.580, 105
Trd, 001655.340, 111
Trd, 001655.660, 104
Trd, 001668.260, 112
Trd, 001670.040, 106
Trd, 001673.660, 103
Trd, 001674.700, 106
Trd, 001682.600, 107
Trd, 001682.680, 106
Trd, 001683.000, 105
Trd, 001683.280, 104.0
Trd, 001683.420, 111
Trd, 001683.440, 104
Trd, 001684.800, 112
Trd, 001685.480, 116.0
Trd, 001686.640, 120.0
Trd, 001694.760, 113
Trd, 001702.440, 100.0
Trd, 001712.460, 117
Trd, 001712.520, 125
Trd, 001712.580, 110
Trd, 001712.920, 131
Trd, 001713.520, 97
Trd, 001713.860, 111
Trd, 001714.040, 110
Trd, 001714.260, 96
Trd, 001714.500, 108
Trd, 001718.020, 107
Trd, 001720.140, 108
Trd, 001720.900, 104.0
Trd, 001742.540, 66.0
Trd, 001742.580, 83.0
Trd, 001742.840, 90.0
Trd, 001742.880, 91.0
Trd, 001743.000, 92
Trd, 001744.100, 95.0
Trd, 001744.760, 113
Trd, 001746.880, 120.0
Trd, 001751.720, 110
Trd, 001757.880, 104.0
Trd, 001760.120, 100.0
Trd, 001767.180, 95.0
Trd, 001769.360, 102
Trd, 001772.540, 90
Trd, 001772.720, 101
Trd, 001773.000, 113
Trd, 001773.080, 100
Trd, 001773.660, 98
Trd, 001773.940, 116.0
Trd, 001776.680, 105
Trd, 001778.800, 104
Trd, 001786.100, 104
Trd, 001787.720, 114
Trd, 001787.740, 104.0
Trd, 001792.380, 112
Trd, 001801.940, 100.0
Trd, 001802.340, 108
Trd, 001802.460, 106
Trd, 001802.500, 105
Trd, 001802.880, 124
Trd, 001802.980, 125
Trd, 001804.220, 104
Trd, 001805.120, 113
Trd, 001806.660, 115
Trd, 001806.680, 104.0
Trd, 001810.200, 105
Trd, 001813.280, 107
Trd, 001832.480, 137
Trd, 001832.580, 133.0
Trd, 001832.680, 98
Trd, 001832.800, 91.0
Trd, 001833.420, 114
Trd, 001834.580, 113
Trd, 001834.620, 110
Trd, 001837.840, 110
Trd, 001844.740, 109
Trd, 001846.820, 108
Trd, 001857.240, 104.0
Trd, 001862.400, 83.0
Trd, 001862.600, 91.0
Trd, 001862.920, 94.0
Trd, 001863.000, 95.0
Trd, 001863.080, 92
Trd, 001863.180, 116.0
Trd, 001863.960, 118
Trd, 001873.040, 110
Trd, 001873.720, 107
Trd, 001880.100, 104.0
Trd, 001892.560, 107
Trd, 001892.620, 84
Trd, 001893.020, 115
Trd, 001893.040, 120.0
Trd, 001893.200, 99
Trd, 001895.120, 105.0
Trd, 001895.660, 107
Trd, 001896.480, 104.0
Trd, 001896.680, 112
Trd, 001899.360, 106
Trd, 001901.720, 113
Trd, 001909.860, 95.0
Trd, 001915.980, 116.0
Trd, 001922.580, 90
Trd, 001922.680, 112
Trd, 001923.000, 83.0
Trd, 001923.200, 97
Trd, 001923.660, 91.0
Trd, 001924.540, 102
Trd, 001924.720, 103
Trd, 001926.080, 115
Trd, 001937.980, 116.0
Trd, 001942.960, 111
Trd, 001943.740, 104.0
Trd, 001950.520, 100.0
Trd, 001952.520, 145.0
Trd, 001952.760, 97
Trd, 001952.820, 115
Trd, 001953.100, 92
Trd, 001953.500, 92
Trd, 001959.860, 105
Trd, 001960.120, 106
Trd, 001965.460, 112
Trd, 001971.760, 110
Trd, 001972.920, 106
Trd, 001980.060, 106
Trd, 001981.440, 95.0
Trd, 001982.920, 128
Trd, 001982.980, 120
Trd, 001983.140, 111
Trd, 001983.940, 120.0
Trd, 001984.000, 127
Trd, 001985.080, 115
Trd, 001985.900, 114
Trd, 001986.720, 110
Trd, 001987.180, 101
Trd, 001989.480, 110
Trd, 002006.040, 104.0
Trd, 002007.660, 100.0
Trd, 002012.760, 83.0
Trd, 002012.840, 95.0
Trd, 002013.800, 99
Trd, 002014.000, 114.0
Trd, 002014.020, 116.0
Trd, 002015.560, 106
Trd, 002018.180, 109
Trd, 002024.360, 105
Trd, 002029.780, 104
Trd, 002034.280, 104.0
Trd, 002036.560, 112
Trd, 002042.880, 129
Trd, 002043.000, 102
Trd, 002043.360, 110
Trd, 002043.640, 109
Trd, 002043.780, 115
Trd, 002044.740, 102
Trd, 002044.800, 100
Trd, 002045.540, 113
Trd, 002045.940, 105
Trd, 002047.700, 113
Trd, 002051.500, 120.0
Trd, 002065.540, 110
Trd, 002072.780, 83.0
Trd, 002073.040, 101
Trd, 002073.160, 145.0
Trd, 002073.620, 113
Trd, 002073.760, 98
Trd, 002074.140, 116
Trd, 002075.480, 107
Trd, 002075.640, 98
Trd, 002077.060, 109
Trd, 002078.640, 98
Trd, 002080.380, 95.0
Trd, 002086.800, 112
Trd, 002091.620, 111
Trd, 002102.900, 75.0
Trd, 002103.240, 91.0
Trd, 002103.320, 95.0
Trd, 002103.780, 99
Trd, 002104.280, 97
Trd, 002104.680, 116.0
Trd, 002104.860, 101
Trd, 002106.220, 107
Trd, 002108.080, 107
Trd, 002111.500, 114
Trd, 002116.360, 100.0
Trd, 002131.920, 115
Trd, 002132.940, 125
Trd, 002133.300, 110
Trd, 002133.660, 130
Trd, 002133.680, 96
Trd, 002134.400, 114
Trd, 002134.800, 112
Trd, 002135.240, 112
Trd, 002135.380, 113
Trd, 002135.520, 111
Trd, 002135.540, 100.0
Trd, 002139.560, 111
Trd, 002163.160, 124
Trd, 002163.360, 110
Trd, 002163.600, 118
Trd, 002163.620, 111
Trd, 002163.700, 110
Trd, 002164.180, 109
Trd, 002164.960, 113
Trd, 002165.900, 111
Trd, 002170.240, 104.0
Trd, 002173.280, 111
Trd, 002178.960, 114
Trd, 002190.680, 100.0
Trd, 002192.920, 106
Trd, 002193.320, 123
Trd, 002193.560, 83.0
Trd, 002193.660, 116.0
Trd, 002193.840, 66.0
Trd, 002194.060, 85
Trd, 002195.200, 89
Trd, 002195.300, 90
Trd, 002196.560, 97
Trd, 002196.900, 108
Trd, 002217.700, 104.0
Trd, 002219.620, 104
Trd, 002222.900, 66.0
Trd, 002223.080, 133.0
Trd, 002223.860, 91.0
Trd, 002224.160, 95.0
Trd, 002227.100, 116
Trd, 002232.500, 114
Trd, 002232.560, 113
Trd, 002234.540, 114
Trd, 002234.740, 104.0
Trd, 002236.440, 116.0
Trd, 002242.120, 100.0
Trd, 002243.460, 116
Trd, 002252.920, 83.0
Trd, 002253.280, 103
Trd, 002253.700, 102
Trd, 002253.720, 102
Trd, 002254.020, 102
Trd, 002255.220, 113
Trd, 002256.080, 114
Trd, 002258.020, 116.0
Trd, 002259.720, 104.0
Trd, 002267.220, 120.0
Trd, 002279.700, 100.0
Trd, 002281.900, 99
Trd, 002282.940, 69
Trd, 002283.100, 99
Trd, 002283.280, 95.0
Trd, 002283.620, 109
Trd, 002284.520, 100
Trd, 002288.320, 109
Trd, 002291.040, 111
Trd, 002297.640, 110
Trd, 002301.420, 109
Trd, 002305.780, 104.0
Trd, 002307.120, 112
Trd, 002308.900, 100.0
Trd, 002312.980, 66.0
Trd, 002313.460, 91.0
Trd, 002313.680, 86
Trd, 002314.140, 94.0
Trd, 002314.360, 95.0
Trd, 002315.620, 116.0
Trd, 002316.740, 120.0
Trd, 002320.100, 117
Trd, 002325.180, 115
Trd, 002326.040, 123
Trd, 002329.420, 117
Trd, 002333.000, 104.0
Trd, 002333.600, 100.0
Trd, 002343.220, 133.0
Trd, 002343.660, 123
Trd, 002343.720, 123
Trd, 002343.760, 129
Trd, 002344.140, 118
Trd, 002344.200, 87
Trd, 002344.440, 91.0
Trd, 002345.460, 118.0
Trd, 002347.480, 113
Trd, 002348.040, 104.0
Trd, 002356.060, 107
Trd, 002357.360, 100.0
Trd, 002361.300, 112
Trd, 002373.140, 66.0
Trd, 002373.380, 84
Trd, 002373.420, 95.0
Trd, 002373.500, 72
Trd, 002373.800, 91.0
Trd, 002376.520, 112
Trd, 002376.900, 115
Trd, 002377.880, 109
Trd, 002378.360, 110
Trd, 002385.480, 108
Trd, 002399.240, 104.0
Trd, 002402.140, 109
Trd, 002403.260, 133.0
Trd, 002403.420, 145.0
Trd, 002403.440, 94
Trd, 002404.020, 90.0
Trd, 002404.200, 91.0
Trd, 002404.500, 92
Trd, 002405.340, 115
Trd, 002406.440, 116.0
Trd, 002413.940, 115
Trd, 002417.600, 111
Trd, 002420.160, 107
Trd, 002428.180, 104.0
Trd, 002433.260, 95.0
Trd, 002433.420, 114
Trd, 002433.600, 94
Trd, 002433.820, 102
Trd, 002434.100, 104
Trd, 002435.020, 103
Trd, 002435.580, 99
Trd, 002436.600, 116.0
Trd, 002437.300, 100
Trd, 002441.560, 100.0
Trd, 002445.040, 116.0
Trd, 002454.900, 116
Trd, 002463.360, 133.0
Trd, 002463.740, 104.0
Trd, 002463.800, 106
Trd, 002463.900, 118
Trd, 002465.100, 113
Trd, 002466.300, 116
Trd, 002466.780, 113
Trd, 002467.420, 113
Trd, 002469.460, 116.0
Trd, 002473.640, 101
Trd, 002479.320, 109
Trd, 002493.380, 66.0
Trd, 002493.400, 79.0
Trd, 002493.600, 95.0
Trd, 002493.740, 89
Trd, 002493.760, 101
Trd, 002493.900, 94
Trd, 002493.940, 112
Trd, 002498.340, 104.0
Trd, 002503.440, 116.0
Trd, 002510.920, 105
Trd, 002512.480, 120.0
Trd, 002520.720, 114
Trd, 002523.440, 133.0
Trd, 002523.580, 114
Trd, 002524.100, 119.0
Trd, 002524.140, 116
Trd, 002524.260, 91
Trd, 002524.720, 111
Trd, 002525.440, 119.0
Trd, 002525.740, 112
Trd, 002526.600, 99
Trd, 002527.360, 115
Trd, 002528.180, 100
Trd, 002533.460, 120.0
Trd, 002549.020, 95.0
Trd, 002553.360, 145.0
Trd, 002553.420, 95.0
Trd, 002553.480, 102
Trd, 002553.760, 133.0
Trd, 002554.120, 102
Trd, 002556.060, 109
Trd, 002556.680, 114
Trd, 002560.640, 114.0
Trd, 002565.120, 114
Trd, 002571.220, 112
Trd, 002583.400, 145.0
Trd, 002583.520, 133.0
Trd, 002583.580, 125
Trd, 002583.620, 92
Trd, 002584.000, 102
Trd, 002585.120, 106
Trd, 002585.160, 113
Trd, 002589.600, 110
Trd, 002597.520, 112
Trd, 002602.420, 108
Trd, 002605.560, 104.0
Trd, 002613.440, 106
Trd, 002614.040, 112
Trd, 002614.220, 105
Trd, 002614.400, 100.0
Trd, 002614.820, 112
Trd, 002615.780, 104
Trd, 002617.920, 108
Trd, 002621.860, 108.0
Trd, 002622.020, 116.0
Trd, 002627.560, 111
Trd, 002634.360, 104.0
Trd, 002638.460, 96
Trd, 002643.820, 89
Trd, 002643.940, 91.0
Trd, 002644.020, 105
Trd, 002644.140, 104
Trd, 002644.540, 98
Trd, 002644.960, 118.0
Trd, 002645.120, 119.0
Trd, 002647.720, 104
Trd, 002655.640, 112
Trd, 002656.200, 109
Trd, 002661.820, 106
Trd, 002662.960, 115
Trd, 002673.560, 120.0
Trd, 002673.720, 108
Trd, 002673.880, 91.0
Trd, 002673.900, 87
Trd, 002674.600, 95.0
Trd, 002674.960, 89
Trd, 002675.320, 101
Trd, 002677.080, 111
Trd, 002677.900, 102
Trd, 002680.180, 112
Trd, 002684.620, 116.0
Trd, 002689.660, 108
Trd, 002703.660, 146.0
Trd, 002703.940, 145.0
Trd, 002704.420, 133.0
Trd, 002704.500, 104.0
Trd, 002705.200, 116
Trd, 002705.460, 118
Trd, 002705.800, 122
Trd, 002706.640, 116
Trd, 002708.120, 115
Trd, 002714.360, 113
Trd, 002715.380, 100.0
Trd, 002728.180, 110
Trd, 002733.700, 110
Trd, 002733.780, 129
Trd, 002734.120, 80
Trd, 002734.160, 112
Trd, 002734.440, 89
Trd, 002735.040, 95.0
Trd, 002735.380, 90
Trd, 002735.840, 91.0
Trd, 002739.380, 98
Trd, 002739.540, 100
Trd, 002745.520, 104.0
Trd, 002750.060, 112
Trd, 002754.140, 116.0
Trd, 002754.380, 95.0
Trd, 002763.980, 91.0
Trd, 002764.280, 93
Trd, 002764.600, 97
Trd, 002764.680, 98
Trd, 002764.980, 94
Trd, 002765.020, 113
Trd, 002765.560, 95.0
Trd, 002766.000, 109
Trd, 002767.720, 114
Trd, 002772.360, 112
Trd, 002793.840, 111
Trd, 002794.020, 109
Trd, 002794.100, 108
Trd, 002794.440, 129
Trd, 002794.480, 112
Trd, 002794.940, 105.0
Trd, 002795.640, 104.0
Trd, 002796.200, 113
Trd, 002797.340, 112
Trd, 002799.900, 108
Trd, 002802.340, 100
Trd, 002808.080, 100.0
Trd, 002823.740, 145.0
Trd, 002823.780, 92
Trd, 002823.840, 91
Trd, 002824.240, 133.0
Trd, 002826.260, 104
Trd, 002827.480, 104.0
Trd, 002831.720, 107
Trd, 002832.640, 106
Trd, 002833.980, 104
Trd, 002845.660, 109
Trd, 002853.760, 83.0
Trd, 002854.700, 145.0
Trd, 002854.740, 133.0
Trd, 002855.120, 104.0
Trd, 002855.840, 124
Trd, 002859.400, 122
Trd, 002864.540, 114
Trd, 002865.680, 116.0
Trd, 002865.820, 113
Trd, 002872.600, 116
Trd, 002873.100, 100.0
Trd, 002883.960, 133
Trd, 002884.080, 144
Trd, 002884.200, 115
Trd, 002884.340, 114
Trd, 002884.460, 104.0
Trd, 002884.940, 108
Trd, 002885.220, 103
Trd, 002886.640, 110
Trd, 002887.360, 108
Trd, 002887.660, 100.0
Trd, 002889.500, 106
Trd, 002892.500, 107
Trd, 002914.000, 105
Trd, 002914.020, 89
Trd, 002914.240, 133.0
Trd, 002914.400, 135
Trd, 002914.480, 99
Trd, 002915.100, 98
Trd, 002915.380, 99
Trd, 002915.520, 98
Trd, 002916.500, 119
Trd, 002916.880, 111
Trd, 002918.840, 100
Trd, 002921.220, 109
Trd, 002943.880, 145.0
Trd, 002943.920, 100.0
Trd, 002944.460, 90.0
Trd, 002944.560, 91.0
Trd, 002944.900, 103
Trd, 002946.860, 116.0
Trd, 002947.160, 104
Trd, 002948.500, 110
Trd, 002948.660, 108
Trd, 002949.160, 120.0
Trd, 002949.560, 103
Trd, 002955.140, 95.0
Trd, 002961.940, 118
Trd, 002974.060, 95.0
Trd, 002974.380, 105
Trd, 002974.480, 116
Trd, 002974.740, 116.0
Trd, 002975.380, 106
Trd, 002976.340, 106
Trd, 002976.360, 105
Trd, 002977.400, 104
Trd, 002977.840, 114
Trd, 002978.480, 104.0
Trd, 002987.320, 100.0
Trd, 002994.160, 103
Trd, 003004.060, 90.0
Trd, 003004.160, 91.0
Trd, 003004.700, 91
Trd, 003005.160, 95.0
Trd, 003005.380, 93
Trd, 003005.400, 91
Trd, 003005.660, 118.0
Trd, 003014.860, 115
Trd, 003014.940, 116
Trd, 003018.360, 115
Trd, 003025.460, 109
Trd, 003034.000, 91.0
Trd, 003034.040, 99
Trd, 003034.100, 133
Trd, 003034.220, 90
Trd, 003034.440, 70
Trd, 003034.660, 95.0
Trd, 003035.620, 108
Trd, 003037.520, 102
Trd, 003038.440, 100
Trd, 003043.500, 114
Trd, 003047.620, 114
Trd, 003049.440, 110
Trd, 003050.720, 100.0
Trd, 003051.200, 95.0
Trd, 003056.860, 83.0
Trd, 003064.040, 83.0
Trd, 003064.240, 95.0
Trd, 003064.500, 120.0
Trd, 003065.020, 109
Trd, 003065.400, 107
Trd, 003067.880, 110.0
Trd, 003069.120, 108
Trd, 003069.980, 107
Trd, 003082.180, 114
Trd, 003093.440, 104.0
Trd, 003094.080, 95.0
Trd, 003094.400, 112
Trd, 003094.700, 111
Trd, 003095.060, 118.0
Trd, 003095.240, 109
Trd, 003095.380, 104.0
Trd, 003095.520, 91
Trd, 003096.640, 114
Trd, 003097.320, 118.0
Trd, 003114.360, 116
Trd, 003121.100, 120.0
Trd, 003124.820, 113
Trd, 003124.900, 115
Trd, 003124.960, 113
Trd, 003125.200, 113
Trd, 003125.520, 112
Trd, 003126.700, 115
Trd, 003127.400, 113
Trd, 003131.620, 111
Trd, 003136.860, 104.0
Trd, 003136.960, 100.0
Trd, 003139.540, 102
Trd, 003139.940, 116.0
Trd, 003143.900, 95.0
Trd, 003154.240, 104
Trd, 003154.500, 116
Trd, 003154.720, 107
Trd, 003154.860, 106
Trd, 003154.980, 120.0
Trd, 003156.000, 104.0
Trd, 003156.100, 98
Trd, 003159.600, 111
Trd, 003161.300, 106
Trd, 003163.520, 111
Trd, 003169.240, 100
Trd, 003180.360, 100.0
Trd, 003184.340, 145.0
Trd, 003184.720, 108
Trd, 003184.800, 100.0
Trd, 003185.160, 111
Trd, 003186.000, 99
Trd, 003186.160, 99.0
Trd, 003186.280, 98.0
Trd, 003186.860, 95.0
Trd, 003187.400, 109
Trd, 003189.160, 111
Trd, 003191.440, 101
Trd, 003199.100, 112
Trd, 003214.220, 100
Trd, 003214.720, 102
Trd, 003215.300, 98.0
Trd, 003215.440, 97.0
Trd, 003215.700, 108
Trd, 003217.300, 111
Trd, 003220.280, 105
Trd, 003222.860, 105
Trd, 003223.580, 110
Trd, 003233.900, 107
Trd, 003240.980, 112
Trd, 003242.720, 116.0
Trd, 003244.680, 83.0
Trd, 003244.880, 91.0
Trd, 003244.900, 116.0
Trd, 003245.380, 85
Trd, 003245.500, 84
Trd, 003246.020, 105
Trd, 003246.520, 103
Trd, 003247.040, 111
Trd, 003248.040, 112
Trd, 003251.560, 120.0
Trd, 003253.680, 109
Trd, 003260.620, 107
Trd, 003274.500, 133.0
Trd, 003274.520, 113
Trd, 003274.760, 109
Trd, 003274.800, 135
Trd, 003274.820, 83.0
Trd, 003275.780, 104
Trd, 003276.560, 108
Trd, 003278.760, 112
Trd, 003280.120, 104.0
Trd, 003282.320, 113
Trd, 003284.920, 111
Trd, 003286.040, 100.0
Trd, 003287.760, 112
Trd, 003300.500, 95.0
Trd, 003303.540, 90
Trd, 003304.460, 145.0
Trd, 003304.960, 111
Trd, 003305.000, 101.0
Trd, 003305.560, 133.0
Trd, 003306.180, 118
Trd, 003306.260, 121
Trd, 003307.280, 124
Trd, 003307.340, 120
Trd, 003307.420, 115
Trd, 003312.580, 100.0
Trd, 003321.140, 109
Trd, 003321.740, 115
Trd, 003334.480, 133.0
Trd, 003334.640, 145.0
Trd, 003335.000, 97
Trd, 003335.180, 91.0
Trd, 003335.320, 114
Trd, 003335.580, 108
Trd, 003335.620, 93
Trd, 003335.940, 109
Trd, 003335.960, 91
Trd, 003336.060, 115
Trd, 003336.700, 90
Trd, 003337.520, 101
Trd, 003360.480, 91
Trd, 003364.420, 66
Trd, 003364.500, 95.0
Trd, 003364.580, 101
Trd, 003364.680, 97
Trd, 003365.520, 101
Trd, 003365.700, 115.0
Trd, 003368.380, 116.0
Trd, 003368.720, 108
Trd, 003378.220, 117
Trd, 003385.100, 116
Trd, 003393.260, 104.0
Trd, 003394.560, 133.0
Trd, 003394.600, 91.0
Trd, 003394.860, 111
Trd, 003395.100, 109
Trd, 003395.280, 75.0
Trd, 003395.560, 111
Trd, 003395.800, 94
Trd, 003396.880, 95
Trd, 003399.580, 112
Trd, 003413.820, 111
Trd, 003424.680, 112
Trd, 003424.860, 109
Trd, 003425.740, 111
Trd, 003425.800, 110
Trd, 003426.180, 109
Trd, 003426.340, 115.0
Trd, 003427.540, 111
Trd, 003428.360, 104.0
Trd, 003432.500, 116.0
Trd, 003436.060, 120.0
Trd, 003438.060, 109
Trd, 003445.160, 100.0
Trd, 003454.540, 85
Trd, 003454.620, 91.0
Trd, 003454.800, 145.0
Trd, 003455.080, 95.0
Trd, 003455.100, 110
Trd, 003455.700, 115
Trd, 003455.880, 95.0
Trd, 003455.940, 119.0
Trd, 003457.820, 108
Trd, 003465.180, 109
Trd, 003481.400, 120.0
Trd, 003483.660, 104.0
Trd, 003484.720, 90.0
Trd, 003484.840, 83.0
Trd, 003484.960, 66.0
Trd, 003485.420, 89
Trd, 003486.140, 91.0
Trd, 003487.460, 95.0
Trd, 003488.740, 97
Trd, 003490.320, 97
Trd, 003493.720, 99
Trd, 003498.520, 114
Trd, 003498.880, 105
Trd, 003504.260, 105
Trd, 003514.820, 104
Trd, 003514.900, 104
Trd, 003515.560, 112
Trd, 003515.760, 116.0
Trd, 003516.280, 107
Trd, 003516.400, 107
Trd, 003516.700, 107
Trd, 003517.160, 104.0
Trd, 003519.020, 112
Trd, 003519.800, 100.0
Trd, 003523.680, 95.0
Trd, 003525.800, 108.0
Trd, 003528.360, 119
Trd, 003544.940, 91.0
Trd, 003545.020, 94.0
Trd, 003545.120, 95.0
Trd, 003545.280, 91
Trd, 003545.460, 94
Trd, 003545.980, 107
Trd, 003546.020, 91
Trd, 003546.580, 98
Trd, 003549.240, 114
Trd, 003556.500, 105
Trd, 003559.380, 116.0
Trd, 003564.980, 102
Trd, 003574.820, 120
Trd, 003574.940, 102
Trd, 003575.020, 111
Trd, 003575.180, 101
Trd, 003575.600, 91
Trd, 003576.600, 114
Trd, 003576.720, 113
Trd, 003577.500, 114
Trd, 003579.280, 116.0
Trd, 003581.380, 110
Trd, 003583.300, 109
Trd, 003604.940, 113
Trd, 003605.040, 114
Trd, 003605.140, 90
Trd, 003605.500, 104
Trd, 003605.600, 103
Trd, 003605.980, 113
Trd, 003606.720, 91
Trd, 003606.740, 115
Trd, 003609.200, 99
Trd, 003610.360, 100
Trd, 003614.140, 109
Trd, 003614.480, 107
Trd, 003616.900, 100.0
Trd, 003617.760, 95.0
Trd, 003628.000, 111
Trd, 003634.840, 133.0
Trd, 003634.920, 146.0
Trd, 003634.940, 145.0
Trd, 003635.120, 120
Trd, 003635.700, 117
Trd, 003636.440, 115
Trd, 003636.620, 116
Trd, 003636.860, 112
Trd, 003637.520, 108
Trd, 003639.400, 112.0
Trd, 003639.680, 104.0
Trd, 003643.600, 116.0
Trd, 003664.880, 108
Trd, 003665.080, 120.0
Trd, 003665.720, 113
Trd, 003665.860, 109
Trd, 003665.960, 109
Trd, 003666.480, 114
Trd, 003666.620, 108
Trd, 003667.220, 104.0
Trd, 003669.680, 108
Trd, 003669.840, 110
Trd, 003670.260, 104
Trd, 003670.300, 100.0
Trd, 003671.160, 116.0
Trd, 003675.820, 95.0
Trd, 003688.980, 90
Trd, 003695.700, 138
Trd, 003696.120, 136.0
Trd, 003696.180, 135
Trd, 003696.200, 133.0
Trd, 003696.220, 136
Trd, 003696.600, 129
Trd, 003697.540, 120
Trd, 003698.840, 108
Trd, 003701.020, 118
Trd, 003701.960, 115
Trd, 003706.140, 104.0
Trd, 003713.500, 105
Trd, 003715.180, 100.0
Trd, 003722.480, 95.0
Trd, 003725.020, 135.0
Trd, 003725.040, 133.0
Trd, 003725.140, 90
Trd, 003725.500, 92
Trd, 003725.520, 94.0
Trd, 003725.740, 95.0
Trd, 003725.880, 104
Trd, 003726.620, 98
Trd, 003727.120, 102
Trd, 003727.780, 102
Trd, 003732.140, 104.0
Trd, 003748.200, 106
Trd, 003755.140, 103
Trd, 003755.200, 113
Trd, 003755.360, 133
Trd, 003755.540, 95.0
Trd, 003755.920, 82.0
Trd, 003756.000, 83.0
Trd, 003756.240, 91.0
Trd, 003756.420, 83
Trd, 003756.440, 133
Trd, 003760.360, 111
Trd, 003763.920, 108
Trd, 003767.280, 100.0
Trd, 003777.000, 97
Trd, 003779.380, 95.0
Trd, 003785.180, 66.0
Trd, 003785.200, 120.0
Trd, 003785.320, 90
Trd, 003785.860, 90.0
Trd, 003786.260, 90
Trd, 003786.320, 91.0
Trd, 003786.960, 95.0
Trd, 003787.380, 103
Trd, 003787.440, 90
Trd, 003814.440, 108
Trd, 003814.900, 108
Trd, 003815.300, 95.0
Trd, 003815.360, 112
Trd, 003815.520, 83.0
Trd, 003815.620, 91.0
Trd, 003815.900, 75.0
Trd, 003816.220, 97
Trd, 003817.660, 114
Trd, 003817.940, 114.0
Trd, 003817.960, 106
Trd, 003818.300, 103
Trd, 003824.960, 109
Trd, 003825.860, 108
Trd, 003827.160, 104.0
Trd, 003830.460, 100.0
Trd, 003845.180, 91.0
Trd, 003845.220, 100
Trd, 003845.480, 90
Trd, 003846.160, 83
Trd, 003846.540, 99
Trd, 003847.700, 101
Trd, 003847.920, 95.0
Trd, 003849.620, 98
Trd, 003850.860, 112
Trd, 003852.420, 108
Trd, 003852.460, 109
Trd, 003857.980, 116.0
Trd, 003858.780, 120.0
Trd, 003858.860, 104.0
Trd, 003875.140, 83.0
Trd, 003875.260, 100
Trd, 003875.460, 95
Trd, 003875.860, 107
Trd, 003876.140, 108
Trd, 003876.220, 109
Trd, 003876.340, 107
Trd, 003877.280, 107
Trd, 003879.500, 107
Trd, 003880.220, 112
Trd, 003880.380, 106
Trd, 003884.900, 104.0
Trd, 003905.280, 107
Trd, 003905.600, 108
Trd, 003905.780, 111
Trd, 003905.840, 106
Trd, 003905.940, 104
Trd, 003906.020, 104
Trd, 003906.100, 111
Trd, 003908.160, 105
Trd, 003909.580, 104
Trd, 003909.780, 104.0
Trd, 003911.880, 100.0
Trd, 003912.520, 95.0
Trd, 003913.620, 112
Trd, 003918.600, 116.0
Trd, 003935.260, 91.0
Trd, 003935.580, 113
Trd, 003935.760, 129
Trd, 003936.300, 114
Trd, 003936.420, 110
Trd, 003936.740, 107
Trd, 003937.280, 119
Trd, 003937.360, 113
Trd, 003937.680, 120.0
Trd, 003942.240, 113
Trd, 003949.420, 104.0
Trd, 003952.300, 105
Trd, 003965.220, 107
Trd, 003965.300, 97
Trd, 003965.380, 101
Trd, 003965.620, 133.0
Trd, 003965.680, 134
Trd, 003965.740, 112
Trd, 003966.500, 109
Trd, 003966.640, 107
Trd, 003967.580, 106
Trd, 003967.860, 105.0
Trd, 003968.620, 105
Trd, 003973.060, 104.0
Trd, 003977.960, 100.0
Trd, 003995.520, 111
Trd, 003995.540, 112
Trd, 003995.560, 105
Trd, 003995.620, 105
Trd, 003996.400, 112
Trd, 003996.880, 114
Trd, 003997.100, 112
Trd, 003997.500, 113
Trd, 003997.680, 114
Trd, 003998.180, 111
Trd, 004001.180, 110
Trd, 004004.680, 104.0
Trd, 004021.260, 100.0
Trd, 004025.260, 79
Trd, 004025.380, 95.0
Trd, 004025.760, 116.0
Trd, 004026.000, 100.0
Trd, 004026.080, 116
Trd, 004026.380, 111
Trd, 004026.440, 115
Trd, 004028.460, 110
Trd, 004028.540, 109
Trd, 004029.000, 108
Trd, 004029.420, 107
Trd, 004030.400, 104
Trd, 004031.340, 108
Trd, 004033.220, 120.0
Trd, 004046.380, 95.0
Trd, 004055.380, 65
Trd, 004055.400, 66.0
Trd, 004055.740, 83.0
Trd, 004055.960, 91.0
Trd, 004056.200, 108
Trd, 004057.320, 117
Trd, 004057.560, 116
Trd, 004058.320, 116
Trd, 004059.280, 115
Trd, 004066.900, 112
Trd, 004072.880, 104.0
Trd, 004085.720, 113
Trd, 004085.960, 111
Trd, 004086.160, 108
Trd, 004086.440, 126
Trd, 004087.180, 114
Trd, 004087.380, 115.0
Trd, 004087.400, 113
Trd, 004087.980, 112
Trd, 004088.020, 116.0
Trd, 004092.460, 112
Trd, 004092.740, 104.0
Trd, 004095.260, 100.0
Trd, 004106.200, 95.0
Trd, 004107.120, 90
Trd, 004116.120, 116
Trd, 004116.160, 115
Trd, 004116.540, 113
Trd, 004116.760, 111
Trd, 004116.980, 114
Trd, 004117.000, 108
Trd, 004117.140, 104.0
Trd, 004117.440, 115
Trd, 004117.940, 114
Trd, 004121.900, 108
Trd, 004127.360, 107
Trd, 004133.300, 102
Trd, 004134.560, 100.0
Trd, 004145.540, 120
Trd, 004145.920, 111
Trd, 004145.940, 110
Trd, 004146.200, 112
Trd, 004146.680, 111
Trd, 004146.860, 120.0
Trd, 004146.900, 125
Trd, 004146.980, 115
Trd, 004148.460, 114
Trd, 004153.040, 104
Trd, 004153.640, 104.0
Trd, 004156.260, 112
Trd, 004158.020, 100.0
Trd, 004175.420, 112
Trd, 004175.580, 67
Trd, 004175.820, 99
Trd, 004175.880, 100
Trd, 004176.540, 109
Trd, 004176.780, 98
Trd, 004177.040, 101
Trd, 004177.680, 108
Trd, 004178.040, 101
Trd, 004179.320, 100
Trd, 004180.800, 106
Trd, 004183.880, 108
Trd, 004187.880, 111
Trd, 004205.640, 83.0
Trd, 004205.700, 95.0
Trd, 004206.060, 113
Trd, 004206.280, 112
Trd, 004206.360, 111
Trd, 004207.000, 109
Trd, 004207.340, 109
Trd, 004208.060, 109
Trd, 004210.880, 108
Trd, 004211.540, 108
Trd, 004215.580, 104.0
Trd, 004222.180, 100.0
Trd, 004235.600, 104
Trd, 004235.760, 119.0
Trd, 004236.020, 119
Trd, 004236.140, 118
Trd, 004236.240, 113
Trd, 004236.380, 118.0
Trd, 004236.620, 103
Trd, 004236.960, 112
Trd, 004238.200, 113
Trd, 004239.960, 111
Trd, 004241.620, 104.0
Trd, 004264.380, 100.0
Trd, 004265.840, 109
Trd, 004265.900, 112
Trd, 004266.040, 103
Trd, 004266.240, 108
Trd, 004266.260, 91
Trd, 004266.600, 91
Trd, 004267.460, 102
Trd, 004267.640, 100
Trd, 004268.720, 95.0
Trd, 004269.280, 91
Trd, 004270.400, 97
Trd, 004270.700, 98
Trd, 004275.220, 90
Trd, 004276.860, 116.0
Trd, 004295.560, 130
Trd, 004295.620, 90
Trd, 004295.660, 107
Trd, 004295.760, 145.0
Trd, 004295.920, 111
Trd, 004296.360, 107
Trd, 004296.480, 105
Trd, 004296.640, 109
Trd, 004297.240, 112
Trd, 004297.860, 104.0
Trd, 004298.100, 103
Trd, 004298.340, 105
Trd, 004304.460, 100.0
Trd, 004306.060, 95.0
Trd, 004309.300, 90
Trd, 004325.680, 83.0
Trd, 004326.680, 103
Trd, 004326.940, 102
Trd, 004327.060, 105
Trd, 004327.300, 112
Trd, 004327.360, 98.0
Trd, 004328.000, 98
Trd, 004328.160, 98.0
Trd, 004328.920, 99
Trd, 004328.980, 102
Trd, 004345.100, 108
Trd, 004356.040, 99
Trd, 004356.060, 100
Trd, 004356.200, 104
Trd, 004356.240, 103
Trd, 004356.300, 102
Trd, 004356.400, 109
Trd, 004357.380, 105
Trd, 004357.580, 92
Trd, 004357.880, 112
Trd, 004357.960, 112
Trd, 004358.040, 91
Trd, 004358.760, 116.0
Trd, 004362.700, 95.0
Trd, 004363.700, 90
Trd, 004365.540, 84
Trd, 004369.980, 107
Trd, 004385.700, 95.0
Trd, 004385.860, 98
Trd, 004385.960, 97
Trd, 004386.200, 104
Trd, 004386.260, 105
Trd, 004386.540, 105
Trd, 004387.060, 99
Trd, 004387.240, 102
Trd, 004390.220, 104
Trd, 004394.220, 114
Trd, 004400.640, 104.0
Trd, 004412.180, 108
Trd, 004415.700, 82.0
Trd, 004416.000, 83.0
Trd, 004416.380, 66.0
Trd, 004416.620, 87
Trd, 004416.720, 91.0
Trd, 004416.760, 84
Trd, 004416.980, 81
Trd, 004417.740, 95.0
Trd, 004418.340, 91
Trd, 004420.980, 100
Trd, 004424.740, 103
Trd, 004443.300, 102
Trd, 004445.860, 91.0
Trd, 004445.940, 78
Trd, 004446.020, 98
Trd, 004446.180, 100
Trd, 004446.320, 116.0
Trd, 004446.400, 96
Trd, 004447.320, 102
Trd, 004447.740, 102
Trd, 004448.080, 101
Trd, 004448.900, 108
Trd, 004449.300, 101.0
Trd, 004458.880, 100.0
Trd, 004467.620, 99
Trd, 004475.640, 91.0
Trd, 004475.700, 79
Trd, 004475.820, 94
Trd, 004476.380, 95.0
Trd, 004476.500, 94
Trd, 004476.900, 100
Trd, 004477.360, 97
Trd, 004477.720, 107
Trd, 004478.440, 98
Trd, 004481.420, 108
Trd, 004483.820, 104
Trd, 004505.820, 103
Trd, 004506.220, 95.0
Trd, 004506.240, 111
Trd, 004506.560, 87
Trd, 004506.720, 112
Trd, 004507.520, 93
Trd, 004508.040, 94
Trd, 004508.500, 106
Trd, 004508.780, 92
Trd, 004510.900, 103
Trd, 004511.480, 104
Trd, 004521.900, 104
Trd, 004535.720, 66.0
Trd, 004535.900, 145.0
Trd, 004536.120, 140
Trd, 004536.140, 133.0
Trd, 004536.680, 119
Trd, 004538.540, 132
Trd, 004539.340, 120
Trd, 004540.720, 108
Trd, 004541.240, 104.0
Trd, 004543.760, 108
Trd, 004543.920, 100.0
Trd, 004545.360, 106
Trd, 004551.740, 95.0
Trd, 004565.680, 91.0
Trd, 004565.720, 67
Trd, 004566.180, 87
Trd, 004566.420, 119
Trd, 004567.240, 100.0
Trd, 004567.680, 103
Trd, 004567.740, 102
Trd, 004568.400, 115
Trd, 004574.480, 108
Trd, 004574.560, 105
Trd, 004574.660, 112
Trd, 004578.880, 106
Trd, 004585.560, 95.0
Trd, 004587.460, 90
Trd, 004595.760, 92
Trd, 004595.940, 120.0
Trd, 004596.740, 105
Trd, 004596.840, 120
Trd, 004596.960, 125
Trd, 004598.120, 133.0
Trd, 004598.740, 126
Trd, 004600.340, 129
Trd, 004602.700, 114
Trd, 004606.180, 104.0
Trd, 004608.460, 100.0
Trd, 004611.020, 100
Trd, 004611.840, 95.0
Trd, 004620.820, 104
Trd, 004625.900, 120
Trd, 004625.920, 128
Trd, 004626.300, 109
Trd, 004626.340, 109
Trd, 004626.420, 94
Trd, 004626.640, 116
Trd, 004626.860, 95.0
Trd, 004627.260, 108
Trd, 004629.140, 104
Trd, 004633.040, 105
Trd, 004641.440, 111
Trd, 004641.500, 104.0
Trd, 004647.160, 100.0
Trd, 004655.860, 119
Trd, 004655.960, 105
Trd, 004655.980, 119.0
Trd, 004656.380, 101
Trd, 004656.640, 117
Trd, 004656.800, 104
Trd, 004656.940, 103
Trd, 004657.080, 100.0
Trd, 004657.740, 100
Trd, 004660.960, 104
Trd, 004666.520, 95.0
Trd, 004676.000, 105
Trd, 004676.040, 108
Trd, 004682.060, 112
Trd, 004685.980, 118
Trd, 004686.100, 118
Trd, 004686.240, 115
Trd, 004686.420, 114
Trd, 004686.740, 110
Trd, 004687.220, 111
Trd, 004687.400, 109
Trd, 004687.600, 112
Trd, 004689.000, 108
Trd, 004690.080, 105
Trd, 004693.920, 104.0
Trd, 004694.140, 100.0
Trd, 004694.320, 95.0
Trd, 004696.880, 108
Trd, 004716.020, 90
Trd, 004716.280, 91.0
Trd, 004716.360, 94
Trd, 004716.520, 82
Trd, 004716.640, 83.0
Trd, 004717.600, 94
Trd, 004718.480, 94.0
Trd, 004718.500, 95.0
Trd, 004720.420, 100
Trd, 004721.360, 100
Trd, 004721.760, 99
Trd, 004728.100, 100
Trd, 004746.020, 145.0
Trd, 004746.120, 133.0
Trd, 004746.160, 112
Trd, 004746.440, 106.0
Trd, 004746.740, 121
Trd, 004747.020, 115
Trd, 004747.260, 114
Trd, 004747.820, 115
Trd, 004747.900, 116
Trd, 004749.160, 108
Trd, 004749.700, 111
Trd, 004749.800, 104.0
Trd, 004753.620, 100.0
Trd, 004759.280, 95.0
Trd, 004767.820, 90
Trd, 004775.920, 95
Trd, 004775.940, 133
Trd, 004776.080, 97
Trd, 004776.100, 96
Trd, 004776.120, 145
Trd, 004776.340, 98
Trd, 004776.540, 120
Trd, 004776.840, 112
Trd, 004776.960, 112
Trd, 004777.980, 108
Trd, 004778.780, 102
Trd, 004778.880, 108
Trd, 004783.980, 95.0
Trd, 004784.200, 102
Trd, 004799.800, 90
Trd, 004806.040, 94.0
Trd, 004806.260, 94
Trd, 004806.280, 93
Trd, 004806.460, 91.0
Trd, 004806.600, 95.0
Trd, 004806.700, 92
Trd, 004806.740, 111
Trd, 004806.900, 90
Trd, 004807.140, 83.0
Trd, 004809.340, 105
Trd, 004809.660, 106
Trd, 004811.560, 112
Trd, 004829.220, 114
Trd, 004832.620, 112
Trd, 004835.840, 66.0
Trd, 004836.100, 91
Trd, 004837.220, 112
Trd, 004837.580, 109
Trd, 004837.660, 115
Trd, 004837.940, 116.0
Trd, 004838.960, 109
Trd, 004839.700, 108
Trd, 004839.780, 108
Trd, 004840.340, 108
Trd, 004847.940, 104.0
Trd, 004851.400, 108
Trd, 004865.900, 105
Trd, 004866.100, 109
Trd, 004866.200, 107
Trd, 004866.340, 106
Trd, 004866.380, 105
Trd, 004866.580, 108
Trd, 004866.660, 103
Trd, 004868.360, 105
Trd, 004869.260, 107
Trd, 004869.360, 107
Trd, 004873.640, 104.0
Trd, 004875.440, 112
Trd, 004875.840, 100.0
Trd, 004887.680, 95.0
Trd, 004895.960, 100
Trd, 004896.120, 120
Trd, 004896.460, 104.0
Trd, 004896.640, 104
Trd, 004896.760, 107
Trd, 004897.260, 111
Trd, 004897.440, 111
Trd, 004897.460, 105
Trd, 004898.160, 111
Trd, 004898.260, 104
Trd, 004899.980, 101.0
Trd, 004902.260, 105
Trd, 004914.960, 100.0
Trd, 004925.960, 133.0
Trd, 004926.400, 110
Trd, 004926.420, 87
Trd, 004926.640, 89
Trd, 004926.740, 88
Trd, 004927.080, 88
Trd, 004927.320, 89.0
Trd, 004927.520, 91.0
Trd, 004927.660, 95.0
Trd, 004931.040, 98
Trd, 004932.480, 100
Trd, 004934.740, 102
Trd, 004949.800, 102
Trd, 004955.840, 101
Trd, 004955.960, 66.0
Trd, 004956.100, 95.0
Trd, 004956.700, 91.0
Trd, 004956.780, 88
Trd, 004957.020, 104
Trd, 004957.420, 108
Trd, 004959.660, 107
Trd, 004959.740, 107
Trd, 004966.320, 106
Trd, 004970.200, 106
Trd, 004971.780, 104.0
Trd, 004973.420, 112
Trd, 004975.320, 100.0
Trd, 004986.060, 91.0
Trd, 004986.200, 108
Trd, 004986.400, 93
Trd, 004986.500, 111
Trd, 004986.840, 104
Trd, 004987.320, 111
Trd, 004987.480, 102
Trd, 004987.960, 102
Trd, 004990.220, 109
Trd, 004992.900, 108
Trd, 004996.000, 110
