Trd, 000030.040, 72
Trd, 000030.220, 56
Trd, 000030.700, 60
Trd, 000030.740, 74
Trd, 000030.900, 108
Trd, 000031.240, 75
Trd, 000031.680, 86
Trd, 000032.040, 85
Trd, 000032.720, 105.0
Trd, 000033.040, 106
Trd, 000034.780, 104.0
Trd, 000036.080, 95.0
Trd, 000038.560, 106
Trd, 000060.440, 106
Trd, 000060.560, 106
Trd, 000060.980, 106.0
Trd, 000061.140, 105
Trd, 000061.180, 104.0
Trd, 000062.180, 107
Trd, 000062.660, 104
Trd, 000068.700, 108
Trd, 000068.840, 108
Trd, 000082.960, 95.0
Trd, 000088.100, 98
Trd, 000090.140, 70
Trd, 000090.340, 112
Trd, 000090.420, 116
Trd, 000090.580, 111
Trd, 000091.380, 114
Trd, 000091.800, 113
Trd, 000093.780, 112
Trd, 000094.280, 113
Trd, 000097.940, 105.0
Trd, 000099.580, 104.0
Trd, 000102.140, 104.0
Trd, 000120.320, 103
Trd, 000120.780, 102
Trd, 000120.960, 103
Trd, 000121.360, 91
Trd, 000122.560, 102
Trd, 000122.600, 94.0
Trd, 000122.620, 104
Trd, 000124.320, 104
Trd, 000126.520, 108
Trd, 000132.620, 104.0
Trd, 000146.540, 116.0
Trd, 000150.260, 83.0
Trd, 000150.340, 62.0
Trd, 000150.760, 125.0
Trd, 000151.120, 104
Trd, 000152.180, 112
Trd, 000153.180, 118
Trd, 000154.200, 116
Trd, 000154.440, 114
Trd, 000159.800, 107
Trd, 000160.100, 108
Trd, 000163.380, 104.0
Trd, 000180.260, 83.0
Trd, 000180.480, 84
Trd, 000180.600, 86
Trd, 000180.640, 72
Trd, 000180.840, 94
Trd, 000181.400, 96.0
Trd, 000182.080, 109
Trd, 000184.760, 104
Trd, 000184.880, 103
Trd, 000185.900, 103
Trd, 000189.760, 104
Trd, 000192.460, 116.0
Trd, 000193.520, 101
Trd, 000210.280, 62.0
Trd, 000210.380, 95.0
Trd, 000210.600, 114.0
Trd, 000210.860, 102
Trd, 000211.340, 112
Trd, 000214.240, 113
Trd, 000215.720, 116.0
Trd, 000218.300, 121
Trd, 000220.980, 119.0
Trd, 000240.720, 116
Trd, 000240.900, 116
Trd, 000241.100, 118
Trd, 000241.280, 115
Trd, 000241.440, 112
Trd, 000241.680, 121
Trd, 000241.860, 104.0
Trd, 000242.200, 105
Trd, 000245.100, 113
Trd, 000248.500, 113
Trd, 000263.360, 99
Trd, 000270.340, 70.0
Trd, 000270.540, 91.0
Trd, 000271.320, 108
Trd, 000271.580, 122.0
Trd, 000271.960, 109
Trd, 000275.040, 111
Trd, 000275.960, 110
Trd, 000276.040, 111
Trd, 000276.640, 108
Trd, 000279.740, 102
Trd, 000280.360, 108
Trd, 000300.480, 83.0
Trd, 000300.800, 97
Trd, 000301.060, 97
Trd, 000301.140, 96
Trd, 000301.260, 108
Trd, 000301.520, 104.0
Trd, 000301.680, 109
Trd, 000302.660, 107
Trd, 000302.820, 103
Trd, 000303.360, 105
Trd, 000303.740, 116.0
Trd, 000305.440, 107
Trd, 000309.980, 95.0
Trd, 000330.560, 104
Trd, 000330.680, 108
Trd, 000330.700, 91.0
Trd, 000331.320, 104.0
Trd, 000332.500, 101
Trd, 000332.780, 104
Trd, 000334.600, 108.0
Trd, 000336.120, 106
Trd, 000337.380, 106.0
Trd, 000338.100, 103.0
Trd, 000353.580, 108
Trd, 000360.560, 103
Trd, 000361.240, 106.0
Trd, 000361.320, 105.0
Trd, 000361.480, 108
Trd, 000362.140, 105
Trd, 000363.040, 106
Trd, 000363.060, 107
Trd, 000364.720, 104.0
Trd, 000367.600, 104
Trd, 000373.080, 104
Trd, 000380.400, 95.0
Trd, 000390.500, 70.0
Trd, 000390.520, 108
Trd, 000390.660, 125.0
Trd, 000391.760, 105
Trd, 000392.420, 108
Trd, 000393.080, 111
Trd, 000393.320, 115
Trd, 000396.300, 101
Trd, 000396.760, 101
Trd, 000398.220, 95.0
Trd, 000404.640, 108
Trd, 000420.580, 109
Trd, 000421.400, 103
Trd, 000421.740, 104.0
Trd, 000421.900, 105
Trd, 000422.020, 105
Trd, 000422.080, 105
Trd, 000422.420, 101
Trd, 000422.980, 100
Trd, 000424.980, 99
Trd, 000430.500, 116.0
Trd, 000432.380, 122
Trd, 000448.740, 95.0
Trd, 000451.020, 108
Trd, 000451.380, 104.0
Trd, 000451.500, 105
Trd, 000451.600, 103
Trd, 000451.820, 93.0
Trd, 000451.980, 91.0
Trd, 000452.480, 83.0
Trd, 000454.700, 106
Trd, 000454.780, 106
Trd, 000459.660, 109
Trd, 000460.700, 102
Trd, 000467.640, 116.0
Trd, 000471.800, 105
Trd, 000481.000, 92.0
Trd, 000481.340, 107
Trd, 000481.400, 108
Trd, 000481.440, 91.0
Trd, 000481.800, 109
Trd, 000482.160, 107.0
Trd, 000483.500, 109
Trd, 000486.400, 106
Trd, 000486.460, 109
Trd, 000496.180, 104.0
Trd, 000510.700, 108
Trd, 000511.040, 104.0
Trd, 000511.660, 104
Trd, 000511.820, 105
Trd, 000511.980, 104
Trd, 000512.160, 106
Trd, 000512.220, 95.0
Trd, 000513.480, 115.0
Trd, 000513.660, 98
Trd, 000514.000, 116.0
Trd, 000518.380, 99
Trd, 000533.400, 106
Trd, 000541.180, 118
Trd, 000541.380, 119
Trd, 000541.700, 115
Trd, 000541.740, 112
Trd, 000542.020, 105.0
Trd, 000543.460, 109
Trd, 000544.120, 109
Trd, 000547.440, 104.0
Trd, 000549.020, 105
Trd, 000551.000, 103
Trd, 000553.060, 105
Trd, 000570.880, 108
Trd, 000570.940, 104.0
Trd, 000571.360, 105
Trd, 000571.460, 105
Trd, 000571.500, 103
Trd, 000571.640, 95.0
Trd, 000571.660, 106
Trd, 000574.180, 105
Trd, 000575.360, 107
Trd, 000576.400, 104
Trd, 000595.480, 107
Trd, 000597.040, 93
Trd, 000600.780, 108
Trd, 000601.020, 104.0
Trd, 000601.040, 100
Trd, 000601.520, 112
Trd, 000602.000, 110
Trd, 000602.340, 95.0
Trd, 000606.600, 98
Trd, 000606.700, 97
Trd, 000608.380, 104
Trd, 000609.000, 99
Trd, 000611.480, 114
Trd, 000613.960, 116.0
Trd, 000619.760, 91.0
Trd, 000631.160, 80
Trd, 000631.560, 98
Trd, 000631.660, 104.0
Trd, 000631.760, 68.0
Trd, 000631.900, 83.0
Trd, 000632.220, 110
Trd, 000632.260, 111
Trd, 000634.240, 111
Trd, 000635.700, 109
Trd, 000637.420, 109
Trd, 000642.220, 116.0
Trd, 000660.360, 115
Trd, 000661.420, 110
Trd, 000661.460, 106
Trd, 000661.760, 105
Trd, 000662.680, 96.0
Trd, 000662.920, 104.0
Trd, 000663.800, 108
Trd, 000669.800, 104
Trd, 000672.380, 102
Trd, 000673.860, 103
Trd, 000677.840, 108
Trd, 000690.240, 95.0
Trd, 000691.120, 108
Trd, 000691.360, 104.0
Trd, 000691.400, 95.0
Trd, 000691.560, 91.0
Trd, 000692.160, 125.0
Trd, 000692.420, 109
Trd, 000693.120, 108
Trd, 000693.700, 108
Trd, 000693.860, 109
Trd, 000694.280, 111
Trd, 000695.980, 118
Trd, 000697.260, 110
Trd, 000703.240, 100
Trd, 000720.940, 113
Trd, 000721.120, 110
Trd, 000721.160, 88
Trd, 000721.580, 104.0
Trd, 000722.300, 95.0
Trd, 000722.500, 108
Trd, 000724.800, 107
Trd, 000726.060, 108
Trd, 000726.200, 102
Trd, 000731.920, 108
Trd, 000734.140, 91.0
Trd, 000734.760, 116.0
Trd, 000750.680, 111
Trd, 000751.040, 112
Trd, 000751.080, 118
Trd, 000751.820, 110
Trd, 000752.140, 113
Trd, 000752.400, 109
Trd, 000753.680, 109
Trd, 000754.300, 109
Trd, 000754.420, 110
Trd, 000754.700, 111
Trd, 000781.060, 125.0
Trd, 000781.120, 104.0
Trd, 000781.360, 87
Trd, 000782.420, 107
Trd, 000782.440, 104
Trd, 000783.160, 98.0
Trd, 000783.420, 100
Trd, 000784.680, 102
Trd, 000784.840, 95.0
Trd, 000785.460, 103
Trd, 000785.800, 91.0
Trd, 000787.420, 104
Trd, 000800.020, 116.0
Trd, 000811.020, 122
Trd, 000811.420, 105
Trd, 000811.620, 105
Trd, 000812.080, 106
Trd, 000812.480, 105
Trd, 000812.520, 108
Trd, 000812.680, 104
Trd, 000813.240, 116.0
Trd, 000816.620, 104.0
Trd, 000821.500, 96
Trd, 000821.660, 97
Trd, 000824.640, 95.0
Trd, 000838.820, 99
Trd, 000841.080, 104
Trd, 000841.280, 69.0
Trd, 000841.340, 70.0
Trd, 000841.500, 65
Trd, 000842.240, 109
Trd, 000842.680, 116.0
Trd, 000843.100, 104
Trd, 000843.440, 103
Trd, 000843.560, 110
Trd, 000845.360, 107
Trd, 000848.860, 108
Trd, 000849.360, 107
Trd, 000871.380, 105
Trd, 000871.900, 106
Trd, 000871.980, 94.0
Trd, 000872.000, 107
Trd, 000872.100, 116.0
Trd, 000872.140, 93.0
Trd, 000872.980, 106
Trd, 000873.360, 111
Trd, 000878.400, 111
Trd, 000879.500, 104.0
Trd, 000888.640, 111
Trd, 000901.160, 112
Trd, 000901.800, 91.0
Trd, 000902.160, 109
Trd, 000902.200, 109
Trd, 000902.680, 101
Trd, 000904.140, 102
Trd, 000904.520, 102
Trd, 000906.340, 104
Trd, 000907.000, 104
Trd, 000907.280, 116.0
Trd, 000920.340, 95.0
Trd, 000923.080, 99
Trd, 000931.900, 62.0
Trd, 000931.960, 66.0
Trd, 000932.120, 70.0
Trd, 000932.220, 104.0
Trd, 000932.520, 105
Trd, 000932.900, 109
Trd, 000933.080, 97
Trd, 000934.480, 99
Trd, 000934.900, 100
Trd, 000940.380, 109
Trd, 000943.120, 107
Trd, 000953.160, 95.0
Trd, 000961.380, 78
Trd, 000961.840, 104.0
Trd, 000962.040, 98
Trd, 000962.460, 102
Trd, 000962.600, 101
Trd, 000962.660, 94
Trd, 000963.640, 101
Trd, 000964.140, 104
Trd, 000967.160, 108
Trd, 000974.480, 106
Trd, 000975.080, 105
Trd, 000991.580, 107
Trd, 000991.780, 109
Trd, 000992.240, 113
Trd, 000992.440, 112
Trd, 000992.620, 104.0
Trd, 000993.580, 112
Trd, 000996.320, 109
Trd, 000997.220, 109
Trd, 001000.920, 109
Trd, 001000.940, 95.0
Trd, 001005.520, 91.0
Trd, 001021.400, 62.0
Trd, 001021.480, 107
Trd, 001022.260, 93
Trd, 001022.940, 96.0
Trd, 001023.100, 105
Trd, 001025.440, 116.0
Trd, 001030.040, 125
Trd, 001033.000, 121
Trd, 001051.380, 62.0
Trd, 001051.440, 70.0
Trd, 001051.660, 119
Trd, 001052.560, 117
Trd, 001053.340, 115
Trd, 001054.700, 114
Trd, 001056.380, 111
Trd, 001058.460, 116
Trd, 001064.000, 112
Trd, 001081.440, 83.0
Trd, 001081.780, 91.0
Trd, 001082.020, 80
Trd, 001082.800, 107
Trd, 001083.400, 106
Trd, 001084.160, 94
Trd, 001085.180, 105
Trd, 001087.440, 100
Trd, 001089.520, 104
Trd, 001090.820, 107
Trd, 001101.980, 95.0
Trd, 001106.260, 108
Trd, 001111.640, 125.0
Trd, 001112.040, 107
Trd, 001112.240, 105
Trd, 001112.280, 104.0
Trd, 001112.500, 95.0
Trd, 001112.700, 105
Trd, 001113.440, 104
Trd, 001113.820, 105
Trd, 001114.180, 109
Trd, 001114.240, 104
Trd, 001122.500, 106
Trd, 001122.700, 91.0
Trd, 001123.640, 90
Trd, 001141.580, 125.0
Trd, 001141.760, 104.0
Trd, 001141.820, 112
Trd, 001142.880, 104
Trd, 001142.980, 99
Trd, 001143.280, 105
Trd, 001143.820, 96
Trd, 001144.080, 105
Trd, 001145.380, 101
Trd, 001145.700, 108
Trd, 001158.480, 95.0
Trd, 001171.500, 97
Trd, 001172.060, 104.0
Trd, 001172.820, 111
Trd, 001172.960, 104
Trd, 001172.980, 98.0
Trd, 001173.200, 104
Trd, 001173.740, 105
Trd, 001175.120, 99.0
Trd, 001175.700, 108
Trd, 001175.740, 116.0
Trd, 001191.100, 95.0
Trd, 001201.660, 83.0
Trd, 001201.700, 89
Trd, 001202.080, 104
Trd, 001202.100, 105
Trd, 001202.560, 102
Trd, 001202.780, 95.0
Trd, 001203.360, 109
Trd, 001203.600, 105.0
Trd, 001204.200, 106
Trd, 001204.380, 104.0
Trd, 001205.040, 91.0
Trd, 001214.700, 101
Trd, 001231.680, 107
Trd, 001231.960, 107
Trd, 001232.580, 108.0
Trd, 001232.760, 118
Trd, 001233.020, 107
Trd, 001233.700, 104.0
Trd, 001234.320, 108
Trd, 001234.380, 116.0
Trd, 001235.340, 108
Trd, 001240.120, 108
Trd, 001244.540, 95.0
Trd, 001247.260, 113
Trd, 001261.580, 125
Trd, 001262.580, 106
Trd, 001262.720, 108
Trd, 001263.460, 106.0
Trd, 001264.120, 107
Trd, 001264.440, 104.0
Trd, 001265.780, 107
Trd, 001266.400, 106
Trd, 001271.720, 106
Trd, 001273.600, 105
Trd, 001275.340, 95.0
Trd, 001275.940, 108
Trd, 001291.860, 125.0
Trd, 001292.240, 128
Trd, 001292.580, 114
Trd, 001293.340, 104
Trd, 001294.180, 106
Trd, 001294.480, 107
Trd, 001295.260, 104.0
Trd, 001296.240, 106
Trd, 001296.880, 106
Trd, 001297.620, 95.0
Trd, 001300.440, 108
Trd, 001312.780, 91.0
Trd, 001321.900, 97
Trd, 001321.980, 98
Trd, 001322.040, 74
Trd, 001322.360, 104
Trd, 001322.440, 83.0
Trd, 001322.860, 100
Trd, 001324.660, 105
Trd, 001325.940, 105
Trd, 001327.380, 108
Trd, 001331.620, 116.0
Trd, 001332.800, 114.0
Trd, 001342.360, 122
Trd, 001342.580, 105
Trd, 001351.760, 66.0
Trd, 001352.040, 69.0
Trd, 001352.060, 70.0
Trd, 001352.380, 125.0
Trd, 001352.780, 104.0
Trd, 001352.960, 100
Trd, 001353.080, 121
Trd, 001356.060, 104
Trd, 001356.300, 106
Trd, 001361.040, 108
Trd, 001365.920, 116.0
Trd, 001367.280, 123
Trd, 001372.600, 105
Trd, 001381.800, 83.0
Trd, 001382.000, 104.0
Trd, 001382.060, 90
Trd, 001382.860, 121
Trd, 001382.960, 111
Trd, 001383.000, 103
Trd, 001383.260, 120
Trd, 001386.920, 109
Trd, 001387.800, 109
Trd, 001396.960, 95.0
Trd, 001399.580, 110
Trd, 001411.800, 84
Trd, 001412.040, 62.0
Trd, 001412.460, 70.0
Trd, 001412.500, 88
Trd, 001412.640, 80
Trd, 001412.680, 90
Trd, 001412.880, 104
Trd, 001413.260, 92.0
Trd, 001414.800, 102
Trd, 001419.540, 101
Trd, 001424.220, 108
Trd, 001441.940, 104
Trd, 001441.980, 91.0
Trd, 001442.200, 70.0
Trd, 001442.460, 85
Trd, 001442.540, 83
Trd, 001442.660, 106
Trd, 001443.160, 112.0
Trd, 001443.280, 83.0
Trd, 001444.140, 86
Trd, 001447.040, 108
Trd, 001457.020, 112
Trd, 001461.040, 116.0
Trd, 001461.700, 95.0
Trd, 001471.940, 62.0
Trd, 001472.000, 89
Trd, 001472.340, 108
Trd, 001472.980, 104.0
Trd, 001473.100, 106
Trd, 001474.300, 103
Trd, 001475.040, 108
Trd, 001476.340, 106
Trd, 001477.000, 105
Trd, 001480.940, 109
Trd, 001502.040, 91.0
Trd, 001502.420, 123.0
Trd, 001502.600, 112
Trd, 001502.900, 113
Trd, 001503.020, 109
Trd, 001503.120, 106.0
Trd, 001504.000, 118
Trd, 001505.200, 106.0
Trd, 001505.680, 112
Trd, 001509.540, 104.0
Trd, 001512.680, 104
Trd, 001522.920, 95.0
Trd, 001531.740, 98
Trd, 001532.380, 107.0
Trd, 001532.500, 104.0
Trd, 001532.540, 103
Trd, 001532.580, 122
Trd, 001532.980, 110
Trd, 001533.120, 111
Trd, 001533.500, 111
Trd, 001533.700, 96.0
Trd, 001534.940, 108
Trd, 001549.760, 103.0
Trd, 001549.880, 95.0
Trd, 001561.320, 100
Trd, 001562.400, 87
Trd, 001562.420, 86
Trd, 001562.980, 125.0
Trd, 001563.220, 111
Trd, 001563.660, 105
Trd, 001564.460, 105
Trd, 001564.580, 106
Trd, 001567.060, 106
Trd, 001572.840, 108
Trd, 001577.700, 104.0
Trd, 001581.060, 116.0
Trd, 001592.180, 111
Trd, 001592.420, 105.0
Trd, 001592.580, 104.0
Trd, 001592.820, 121.0
Trd, 001593.060, 104
Trd, 001594.740, 116
Trd, 001595.380, 115
Trd, 001596.500, 112
Trd, 001599.820, 95.0
Trd, 001602.880, 106.0
Trd, 001603.460, 107.0
Trd, 001607.260, 121
Trd, 001622.200, 108
Trd, 001622.280, 108
Trd, 001622.320, 94
Trd, 001623.580, 104.0
Trd, 001623.900, 97
Trd, 001624.140, 96
Trd, 001624.520, 96
Trd, 001624.680, 96
Trd, 001624.740, 102
Trd, 001627.160, 99
Trd, 001652.220, 91.0
Trd, 001652.800, 126
Trd, 001652.860, 125
Trd, 001653.200, 124
Trd, 001653.520, 125.0
Trd, 001653.800, 112
Trd, 001653.980, 124
Trd, 001655.680, 115
Trd, 001658.540, 110
Trd, 001660.780, 108
Trd, 001664.180, 104.0
Trd, 001682.320, 109
Trd, 001682.340, 104.0
Trd, 001682.780, 104
Trd, 001682.920, 105
Trd, 001683.020, 99
Trd, 001684.040, 100.0
Trd, 001684.540, 96.0
Trd, 001685.480, 101
Trd, 001690.960, 100
Trd, 001699.800, 101
Trd, 001702.620, 104
Trd, 001712.400, 108
Trd, 001712.420, 99
Trd, 001713.120, 114
Trd, 001713.220, 113
Trd, 001714.060, 110
Trd, 001715.140, 105
Trd, 001716.860, 104.0
Trd, 001717.520, 101
Trd, 001719.240, 102
Trd, 001722.740, 101
Trd, 001727.040, 107
Trd, 001742.320, 104
Trd, 001742.500, 102
Trd, 001743.080, 103
Trd, 001743.540, 103
Trd, 001743.700, 103
Trd, 001743.880, 102
Trd, 001744.240, 104
Trd, 001745.180, 101
Trd, 001745.860, 99
Trd, 001750.600, 101
Trd, 001754.200, 108
Trd, 001772.320, 125.0
Trd, 001772.400, 114
Trd, 001772.600, 96.0
Trd, 001772.860, 99
Trd, 001774.100, 113
Trd, 001774.620, 107
Trd, 001775.660, 108
Trd, 001776.840, 104.0
Trd, 001779.460, 108
Trd, 001790.980, 104
Trd, 001799.440, 95.0
Trd, 001802.440, 83.0
Trd, 001802.460, 95.0
Trd, 001802.820, 105
Trd, 001803.200, 104
Trd, 001803.360, 122.0
Trd, 001803.380, 94
Trd, 001806.460, 112
Trd, 001808.900, 113
Trd, 001813.000, 113
Trd, 001816.560, 108
Trd, 001820.420, 104.0
Trd, 001829.840, 107
Trd, 001832.480, 119
Trd, 001832.920, 92.0
Trd, 001833.020, 106
Trd, 001833.740, 104.0
Trd, 001834.060, 98
Trd, 001834.600, 103
Trd, 001835.560, 104
Trd, 001836.960, 105
Trd, 001838.800, 100
Trd, 001839.260, 108
Trd, 001853.180, 106
Trd, 001862.500, 83.0
Trd, 001862.760, 96
Trd, 001862.820, 106
Trd, 001863.040, 112
Trd, 001863.300, 105
Trd, 001863.780, 97.0
Trd, 001864.640, 104
Trd, 001864.920, 109
Trd, 001870.960, 104
Trd, 001872.620, 103
Trd, 001876.020, 116.0
Trd, 001886.100, 95.0
Trd, 001892.580, 98
Trd, 001892.600, 80
Trd, 001892.700, 106
Trd, 001893.240, 95
Trd, 001893.280, 96
Trd, 001894.140, 99
Trd, 001894.340, 103
Trd, 001894.440, 105
Trd, 001896.000, 108
Trd, 001898.420, 107
Trd, 001905.540, 111
Trd, 001917.100, 106
Trd, 001922.600, 70.0
Trd, 001922.980, 121.0
Trd, 001923.040, 105.0
Trd, 001924.120, 114
Trd, 001924.380, 113
Trd, 001927.980, 112
Trd, 001928.740, 112
Trd, 001929.980, 112
Trd, 001939.840, 104.0
Trd, 001943.160, 95.0
Trd, 001947.420, 108
Trd, 001952.620, 91.0
Trd, 001952.720, 109
Trd, 001953.040, 88
Trd, 001953.820, 113
Trd, 001954.180, 111
Trd, 001955.120, 112
Trd, 001956.020, 112
Trd, 001956.320, 110
Trd, 001957.680, 104.0
Trd, 001959.740, 110
Trd, 001972.640, 111
Trd, 001982.900, 108
Trd, 001983.180, 106.0
Trd, 001983.200, 105.0
Trd, 001984.040, 104.0
Trd, 001984.720, 108
Trd, 001985.120, 103
Trd, 001986.060, 106
Trd, 001987.040, 101
Trd, 001987.180, 104
Trd, 001988.080, 104
Trd, 002012.700, 112
Trd, 002012.940, 70.0
Trd, 002013.000, 83.0
Trd, 002013.020, 95.0
Trd, 002013.100, 120
Trd, 002013.240, 92
Trd, 002014.260, 101
Trd, 002015.440, 100
Trd, 002018.720, 100
Trd, 002019.160, 101
Trd, 002024.100, 99
Trd, 002032.020, 99
Trd, 002042.700, 78
Trd, 002042.840, 104.0
Trd, 002043.380, 113
Trd, 002043.400, 112
Trd, 002043.420, 121.0
Trd, 002043.660, 92.0
Trd, 002044.460, 113
Trd, 002046.640, 103
Trd, 002049.100, 101
Trd, 002052.080, 95.0
Trd, 002054.060, 99
Trd, 002068.320, 115
Trd, 002072.680, 70.0
Trd, 002072.980, 106.0
Trd, 002073.140, 109
Trd, 002073.380, 105.0
Trd, 002073.420, 121
Trd, 002073.560, 104.0
Trd, 002074.640, 112
Trd, 002075.320, 110
Trd, 002076.060, 105
Trd, 002082.140, 95.0
Trd, 002083.120, 96
Trd, 002084.620, 91.0
Trd, 002086.660, 95
Trd, 002087.700, 116.0
Trd, 002103.040, 105
Trd, 002103.600, 106
Trd, 002103.880, 104.0
Trd, 002104.340, 112
Trd, 002104.360, 89
Trd, 002106.320, 106
Trd, 002107.520, 105
Trd, 002108.620, 105
Trd, 002108.780, 105
Trd, 002118.000, 98
Trd, 002118.820, 108
Trd, 002129.560, 100
Trd, 002132.760, 125.0
Trd, 002132.800, 69
Trd, 002133.260, 108
Trd, 002133.500, 121
Trd, 002134.060, 115
Trd, 002134.960, 114
Trd, 002135.680, 117
Trd, 002136.120, 104.0
Trd, 002141.680, 95.0
Trd, 002143.340, 95.0
Trd, 002143.520, 95
Trd, 002163.160, 125.0
Trd, 002163.220, 111
Trd, 002163.660, 111
Trd, 002163.940, 112
Trd, 002164.400, 105
Trd, 002166.020, 106.0
Trd, 002166.220, 104.0
Trd, 002166.540, 108
Trd, 002167.280, 114.0
Trd, 002172.420, 111
Trd, 002193.000, 101
Trd, 002193.200, 84
Trd, 002193.560, 106
Trd, 002193.620, 109
Trd, 002193.760, 85.0
Trd, 002193.940, 111
Trd, 002194.880, 108
Trd, 002195.480, 99
Trd, 002196.420, 98
Trd, 002199.700, 109
Trd, 002199.800, 100
Trd, 002200.980, 100
Trd, 002212.480, 102
Trd, 002223.120, 93.0
Trd, 002223.180, 91.0
Trd, 002223.200, 104
Trd, 002223.360, 105
Trd, 002223.740, 105
Trd, 002224.420, 104.0
Trd, 002225.680, 105
Trd, 002226.020, 99
Trd, 002229.300, 104
Trd, 002232.740, 102
Trd, 002233.220, 108
Trd, 002233.400, 89
Trd, 002253.120, 83.0
Trd, 002253.460, 107
Trd, 002253.620, 106
Trd, 002253.660, 106
Trd, 002254.040, 108
Trd, 002254.660, 111
Trd, 002256.300, 106.0
Trd, 002258.760, 108
Trd, 002260.320, 106
Trd, 002263.780, 104.0
Trd, 002268.180, 116.0
Trd, 002280.620, 95.0
Trd, 002283.180, 109
Trd, 002283.260, 103
Trd, 002284.020, 104.0
Trd, 002284.920, 107
Trd, 002285.480, 103
Trd, 002285.620, 102
Trd, 002286.480, 107
Trd, 002287.100, 109
Trd, 002287.660, 113
Trd, 002289.000, 109
Trd, 002300.580, 106
Trd, 002304.120, 95.0
Trd, 002313.060, 92.0
Trd, 002313.820, 106
Trd, 002314.100, 108
Trd, 002314.440, 107
Trd, 002315.100, 104.0
Trd, 002315.280, 104
Trd, 002315.960, 104
Trd, 002322.380, 105
Trd, 002322.840, 103
Trd, 002323.120, 108
Trd, 002328.220, 95.0
Trd, 002333.520, 94
Trd, 002343.140, 107
Trd, 002343.260, 96
Trd, 002343.660, 104
Trd, 002344.000, 99
Trd, 002344.140, 95.0
Trd, 002344.280, 103
Trd, 002346.320, 103
Trd, 002346.700, 104
Trd, 002350.020, 103
Trd, 002354.480, 109
Trd, 002361.060, 98
Trd, 002373.120, 91.0
Trd, 002373.760, 126.0
Trd, 002373.940, 125.0
Trd, 002374.060, 114
Trd, 002374.840, 101
Trd, 002375.100, 95.0
Trd, 002375.340, 118
Trd, 002376.060, 112
Trd, 002377.560, 112
Trd, 002379.460, 104.0
Trd, 002379.700, 107
Trd, 002384.160, 106
Trd, 002403.160, 62.0
Trd, 002403.280, 70.0
Trd, 002403.640, 102
Trd, 002403.760, 91.0
Trd, 002403.800, 104
Trd, 002403.840, 125.0
Trd, 002407.640, 110
Trd, 002407.700, 111
Trd, 002415.280, 112
Trd, 002415.760, 104.0
Trd, 002418.640, 95.0
Trd, 002419.560, 116.0
Trd, 002433.340, 112
Trd, 002433.500, 113
Trd, 002433.520, 105
Trd, 002433.660, 115
Trd, 002434.040, 104.0
Trd, 002436.160, 108
Trd, 002438.140, 108
Trd, 002441.160, 103
Trd, 002441.700, 106
Trd, 002445.560, 104.0
Trd, 002453.640, 97
Trd, 002463.320, 70.0
Trd, 002464.160, 91.0
Trd, 002464.200, 83.0
Trd, 002464.260, 69
Trd, 002464.300, 104
Trd, 002464.600, 105.0
Trd, 002464.800, 105.0
Trd, 002465.660, 108
Trd, 002467.540, 107
Trd, 002472.420, 104.0
Trd, 002476.380, 108
Trd, 002478.380, 116.0
Trd, 002484.780, 103
Trd, 002493.220, 62.0
Trd, 002493.760, 114
Trd, 002493.900, 125.0
Trd, 002494.220, 114
Trd, 002495.820, 120
Trd, 002496.940, 119
Trd, 002498.260, 111
Trd, 002498.300, 107
Trd, 002503.400, 109
Trd, 002504.740, 108
Trd, 002507.060, 104.0
Trd, 002510.440, 109
Trd, 002523.460, 109
Trd, 002523.920, 112
Trd, 002523.940, 111
Trd, 002524.280, 110
Trd, 002524.500, 106.0
Trd, 002526.780, 107.0
Trd, 002526.840, 104.0
Trd, 002527.320, 110
Trd, 002529.060, 109
Trd, 002531.040, 105
Trd, 002553.240, 95.0
Trd, 002553.440, 124.0
Trd, 002553.460, 75
Trd, 002553.860, 104.0
Trd, 002554.400, 109
Trd, 002554.620, 101
Trd, 002554.880, 102
Trd, 002555.620, 101
Trd, 002555.820, 105
Trd, 002555.920, 103
Trd, 002556.760, 105
Trd, 002565.720, 105
Trd, 002577.780, 108
Trd, 002583.360, 75
Trd, 002583.520, 125.0
Trd, 002584.440, 96
Trd, 002584.760, 104.0
Trd, 002585.620, 109
Trd, 002586.560, 105
Trd, 002588.000, 104
Trd, 002588.620, 105
Trd, 002589.640, 105
Trd, 002591.780, 108
Trd, 002594.940, 109
Trd, 002598.300, 95.0
Trd, 002609.520, 93
Trd, 002613.420, 76
Trd, 002613.520, 107
Trd, 002613.660, 103
Trd, 002613.980, 91.0
Trd, 002614.220, 96
Trd, 002614.320, 91
Trd, 002614.440, 97
Trd, 002614.460, 108
Trd, 002615.440, 106
Trd, 002616.100, 117
Trd, 002617.220, 116
Trd, 002626.060, 110
Trd, 002628.280, 99
Trd, 002639.600, 95.0
Trd, 002643.480, 83.0
Trd, 002643.740, 96
Trd, 002644.180, 98
Trd, 002644.200, 99
Trd, 002644.500, 99
Trd, 002644.840, 100
Trd, 002645.560, 100
Trd, 002650.980, 98
Trd, 002651.660, 95.0
Trd, 002652.040, 104
Trd, 002652.480, 110
Trd, 002667.180, 94
Trd, 002673.520, 112
Trd, 002673.580, 121
Trd, 002673.800, 110
Trd, 002673.920, 91.0
Trd, 002674.000, 87
Trd, 002674.400, 104.0
Trd, 002675.480, 106
Trd, 002676.440, 104
Trd, 002678.220, 105
Trd, 002678.380, 104
Trd, 002680.240, 103
Trd, 002703.520, 105
Trd, 002703.680, 68
Trd, 002703.700, 83.0
Trd, 002703.920, 91.0
Trd, 002704.480, 96
Trd, 002704.640, 96
Trd, 002704.920, 124.0
Trd, 002706.520, 107
Trd, 002707.380, 123.0
Trd, 002710.400, 105
Trd, 002722.260, 102
Trd, 002728.520, 106
Trd, 002733.600, 113
Trd, 002733.640, 111
Trd, 002733.840, 111
Trd, 002734.400, 105.0
Trd, 002734.740, 104.0
Trd, 002734.760, 121.0
Trd, 002737.400, 114
Trd, 002737.700, 108
Trd, 002738.960, 114
Trd, 002753.700, 95.0
Trd, 002763.600, 103
Trd, 002763.760, 88
Trd, 002764.240, 93
Trd, 002764.640, 90
Trd, 002764.740, 91
Trd, 002764.900, 89
Trd, 002765.180, 97
Trd, 002765.960, 98
Trd, 002766.320, 104
Trd, 002767.280, 104.0
Trd, 002779.820, 110
Trd, 002783.420, 104
Trd, 002792.440, 95.0
Trd, 002794.000, 107
Trd, 002794.060, 108
Trd, 002794.280, 105.0
Trd, 002794.340, 104.0
Trd, 002794.460, 102
Trd, 002794.760, 107
Trd, 002795.380, 106
Trd, 002795.640, 107
Trd, 002797.280, 95.0
Trd, 002797.540, 106
Trd, 002798.460, 108
Trd, 002800.220, 91.0
Trd, 002823.820, 125.0
Trd, 002823.900, 108
Trd, 002824.200, 104.0
Trd, 002824.340, 112
Trd, 002824.900, 104
Trd, 002825.340, 99
Trd, 002826.720, 98
Trd, 002827.080, 99
Trd, 002829.140, 99
Trd, 002831.260, 95.0
Trd, 002834.920, 93
Trd, 002839.000, 109
Trd, 002854.060, 83.0
Trd, 002854.140, 99
Trd, 002854.740, 94.0
Trd, 002854.960, 104
Trd, 002855.160, 93.0
Trd, 002855.180, 99
Trd, 002855.660, 104
Trd, 002855.940, 108
Trd, 002856.060, 116.0
Trd, 002859.860, 97.0
Trd, 002863.180, 114
Trd, 002881.080, 106
Trd, 002883.940, 62.0
Trd, 002884.040, 66.0
Trd, 002884.080, 83.0
Trd, 002884.400, 116.0
Trd, 002884.880, 104.0
Trd, 002887.580, 121
Trd, 002889.100, 125.0
Trd, 002889.400, 121
Trd, 002891.760, 120
Trd, 002900.340, 122
Trd, 002904.480, 125
Trd, 002913.860, 124.0
Trd, 002914.040, 104.0
Trd, 002914.260, 112
Trd, 002915.380, 122.0
Trd, 002916.560, 117
Trd, 002917.720, 120.0
Trd, 002918.120, 114
Trd, 002918.600, 119
Trd, 002923.180, 112
Trd, 002937.540, 100
Trd, 002941.100, 103
Trd, 002943.960, 108
Trd, 002944.160, 112
Trd, 002944.320, 105.0
Trd, 002944.700, 105
Trd, 002944.920, 109
Trd, 002946.180, 106.0
Trd, 002946.340, 107
Trd, 002946.820, 104.0
Trd, 002949.760, 100
Trd, 002951.500, 101
Trd, 002952.940, 105
Trd, 002974.380, 105
Trd, 002974.500, 125.0
Trd, 002974.900, 104.0
Trd, 002975.140, 96.0
Trd, 002975.660, 112
Trd, 002976.260, 111
Trd, 002977.620, 110
Trd, 002977.860, 109
Trd, 002981.420, 109
Trd, 002987.300, 100
Trd, 002988.720, 106
Trd, 002999.980, 95.0
Trd, 003003.900, 62.0
Trd, 003004.180, 91.0
Trd, 003004.560, 122.0
Trd, 003004.720, 90
Trd, 003004.760, 122.0
Trd, 003006.600, 114
Trd, 003008.920, 115
Trd, 003009.400, 116.0
Trd, 003015.720, 111
Trd, 003015.860, 116
Trd, 003034.180, 66.0
Trd, 003034.320, 83.0
Trd, 003034.440, 90
Trd, 003035.040, 93
Trd, 003035.120, 104
Trd, 003035.260, 109
Trd, 003036.020, 104
Trd, 003036.060, 97.0
Trd, 003036.820, 105
Trd, 003040.780, 99.0
Trd, 003042.260, 101
Trd, 003046.540, 109
Trd, 003064.120, 73
Trd, 003064.420, 104
Trd, 003064.980, 109
Trd, 003065.900, 122.0
Trd, 003066.120, 94
Trd, 003066.340, 122.0
Trd, 003066.780, 118
Trd, 003068.980, 105
Trd, 003076.860, 103
Trd, 003080.160, 95.0
Trd, 003091.680, 102
Trd, 003094.240, 112
Trd, 003094.500, 109
Trd, 003094.560, 103
Trd, 003095.100, 108
Trd, 003095.480, 108
Trd, 003096.420, 106
Trd, 003096.460, 108
Trd, 003096.560, 104.0
Trd, 003097.660, 110
Trd, 003102.340, 95.0
Trd, 003105.400, 110
Trd, 003118.180, 116.0
Trd, 003124.320, 88
Trd, 003124.580, 91.0
Trd, 003124.600, 111
Trd, 003124.820, 112
Trd, 003125.200, 116.0
Trd, 003125.360, 110
Trd, 003127.760, 110
Trd, 003127.900, 109
Trd, 003128.500, 110
Trd, 003130.200, 112
Trd, 003131.980, 108
Trd, 003135.980, 104.0
Trd, 003154.360, 126.0
Trd, 003154.480, 125.0
Trd, 003155.400, 112
Trd, 003155.700, 111
Trd, 003157.700, 112
Trd, 003159.820, 110
Trd, 003160.360, 111
Trd, 003166.980, 104.0
Trd, 003167.420, 105
Trd, 003169.200, 103
Trd, 003184.340, 125.0
Trd, 003184.540, 107
Trd, 003184.880, 108
Trd, 003184.900, 112
Trd, 003185.240, 107
Trd, 003185.700, 113
Trd, 003186.380, 104.0
Trd, 003187.760, 97
Trd, 003192.560, 103
Trd, 003193.600, 104
Trd, 003196.020, 95.0
Trd, 003201.480, 91.0
Trd, 003214.360, 102
Trd, 003214.640, 104
Trd, 003214.960, 94.0
Trd, 003215.340, 114
Trd, 003215.360, 112
Trd, 003216.560, 110
Trd, 003216.620, 109
Trd, 003219.120, 111.0
Trd, 003219.400, 106
Trd, 003225.000, 100
Trd, 003244.420, 101
Trd, 003244.520, 109
Trd, 003244.660, 69
Trd, 003244.780, 70.0
Trd, 003245.220, 100
Trd, 003245.460, 95
Trd, 003245.500, 91.0
Trd, 003246.280, 104
Trd, 003252.320, 114
Trd, 003252.720, 116.0
Trd, 003252.980, 124
Trd, 003253.340, 113
Trd, 003254.200, 105
Trd, 003256.000, 95.0
Trd, 003274.400, 112
Trd, 003274.440, 83.0
Trd, 003274.520, 93
Trd, 003275.180, 93.0
Trd, 003275.360, 101
Trd, 003275.820, 96
Trd, 003276.860, 100
Trd, 003277.900, 98
Trd, 003281.460, 104
Trd, 003283.140, 96
Trd, 003286.460, 108
Trd, 003292.800, 116.0
Trd, 003296.560, 98
Trd, 003304.560, 75
Trd, 003304.760, 83.0
Trd, 003305.800, 123.0
Trd, 003306.160, 104.0
Trd, 003306.500, 108
Trd, 003307.080, 109
Trd, 003307.460, 108
Trd, 003307.680, 107
Trd, 003309.040, 103
Trd, 003313.760, 98
Trd, 003315.240, 97
Trd, 003324.240, 104
Trd, 003334.460, 62.0
Trd, 003334.520, 70.0
Trd, 003334.840, 92
Trd, 003335.140, 88
Trd, 003335.420, 87
Trd, 003335.620, 94
Trd, 003335.660, 96
Trd, 003335.680, 100
Trd, 003340.080, 95
Trd, 003341.420, 97
Trd, 003343.820, 104
Trd, 003346.360, 108
Trd, 003364.560, 91.0
Trd, 003365.180, 106
Trd, 003365.680, 83.0
Trd, 003365.740, 103
Trd, 003365.840, 105
Trd, 003366.380, 95
Trd, 003366.980, 100
Trd, 003367.140, 97
Trd, 003372.480, 108
Trd, 003374.160, 104
Trd, 003374.360, 100
Trd, 003394.820, 87
Trd, 003394.840, 89
Trd, 003395.180, 87
Trd, 003395.560, 102
Trd, 003395.580, 92
Trd, 003395.760, 103
Trd, 003396.440, 104
Trd, 003396.520, 89.0
Trd, 003397.380, 103
Trd, 003399.240, 108
Trd, 003403.440, 116.0
Trd, 003407.760, 95.0
Trd, 003424.600, 62.0
Trd, 003424.780, 82
Trd, 003425.000, 94.0
Trd, 003425.180, 92.0
Trd, 003425.640, 95.0
Trd, 003426.540, 116.0
Trd, 003427.920, 125.0
Trd, 003427.980, 115
Trd, 003430.920, 124
Trd, 003435.400, 117
Trd, 003440.720, 118
Trd, 003454.620, 94
Trd, 003454.840, 70.0
Trd, 003455.000, 83.0
Trd, 003455.460, 95.0
Trd, 003455.840, 92.0
Trd, 003456.960, 101
Trd, 003457.320, 110
Trd, 003458.060, 106
Trd, 003459.320, 107
Trd, 003460.080, 116.0
Trd, 003476.460, 117
Trd, 003481.120, 97
Trd, 003484.680, 62.0
Trd, 003484.940, 124.0
Trd, 003485.040, 114
Trd, 003485.400, 113
Trd, 003486.780, 123.0
Trd, 003487.080, 115
Trd, 003489.460, 114
Trd, 003491.580, 115
Trd, 003502.660, 111
Trd, 003515.140, 114
Trd, 003515.200, 113
Trd, 003515.460, 112
Trd, 003515.580, 111
Trd, 003519.300, 104.0
Trd, 003520.040, 106
Trd, 003520.100, 106
Trd, 003530.120, 107
Trd, 003530.960, 108
Trd, 003539.400, 105
Trd, 003544.620, 82
Trd, 003544.860, 63
Trd, 003544.980, 125.0
Trd, 003545.400, 91.0
Trd, 003545.500, 108
Trd, 003546.940, 107
Trd, 003547.940, 107
Trd, 003549.440, 108
Trd, 003550.420, 105
Trd, 003554.640, 104
Trd, 003556.560, 116.0
Trd, 003561.760, 104.0
Trd, 003564.520, 95.0
Trd, 003574.800, 125.0
Trd, 003574.980, 110
Trd, 003575.400, 104.0
Trd, 003575.500, 95.0
Trd, 003576.300, 97
Trd, 003577.260, 105
Trd, 003577.580, 104
Trd, 003577.620, 98
Trd, 003578.460, 104
Trd, 003579.460, 109
Trd, 003587.020, 116.0
Trd, 003604.920, 103
Trd, 003604.940, 102
Trd, 003605.580, 105
Trd, 003606.120, 102
Trd, 003606.240, 122
Trd, 003606.280, 85
Trd, 003607.180, 104.0
Trd, 003608.620, 110
Trd, 003610.860, 111
Trd, 003614.220, 116.0
Trd, 003623.220, 122
Trd, 003625.280, 105
Trd, 003635.040, 118
Trd, 003635.440, 104.0
Trd, 003635.600, 104
Trd, 003635.700, 104
Trd, 003635.840, 105
Trd, 003636.260, 104
Trd, 003637.420, 104
Trd, 003638.480, 95.0
Trd, 003640.560, 108
Trd, 003656.520, 109
Trd, 003664.820, 125.0
Trd, 003664.840, 74
Trd, 003665.100, 105.0
Trd, 003665.720, 111
Trd, 003665.900, 110
Trd, 003666.540, 105.0
Trd, 003667.060, 105
Trd, 003667.980, 105
Trd, 003670.840, 104.0
Trd, 003672.820, 105
Trd, 003672.940, 108
Trd, 003687.800, 95.0
Trd, 003695.000, 70.0
Trd, 003695.300, 115.0
Trd, 003695.740, 113
Trd, 003695.940, 112
Trd, 003696.560, 104.0
Trd, 003698.380, 111.0
Trd, 003699.220, 112
Trd, 003702.360, 102
Trd, 003702.460, 99
Trd, 003721.960, 113
Trd, 003724.880, 62.0
Trd, 003725.400, 109
Trd, 003725.700, 121
Trd, 003727.120, 108
Trd, 003727.840, 110
Trd, 003728.120, 109
Trd, 003728.520, 107
Trd, 003731.900, 104.0
Trd, 003732.000, 101
Trd, 003737.220, 109
Trd, 003755.260, 107
Trd, 003755.680, 105.0
Trd, 003755.720, 109
Trd, 003755.980, 105.0
Trd, 003756.060, 107
Trd, 003756.520, 120
Trd, 003757.580, 104.0
Trd, 003757.880, 102
Trd, 003758.060, 111
Trd, 003758.140, 103
Trd, 003759.980, 111
Trd, 003761.260, 95.0
Trd, 003763.900, 95.0
Trd, 003785.000, 125.0
Trd, 003785.220, 108
Trd, 003785.940, 106.0
Trd, 003786.400, 105.0
Trd, 003786.840, 104.0
Trd, 003786.860, 97
Trd, 003787.860, 105
Trd, 003789.480, 105
Trd, 003793.860, 108
Trd, 003798.820, 104
Trd, 003815.020, 62.0
Trd, 003815.740, 121
Trd, 003816.020, 120
Trd, 003817.260, 117
Trd, 003817.780, 116
Trd, 003819.140, 116
Trd, 003820.640, 112
Trd, 003823.480, 104.0
Trd, 003823.560, 107.0
Trd, 003826.440, 105.0
Trd, 003827.660, 107
Trd, 003828.980, 95.0
Trd, 003830.720, 116.0
Trd, 003845.160, 125.0
Trd, 003845.460, 92
Trd, 003846.040, 105
Trd, 003846.140, 94.0
Trd, 003846.280, 93.0
Trd, 003846.500, 104
Trd, 003846.580, 106
Trd, 003847.400, 103
Trd, 003847.800, 105
Trd, 003849.660, 103
Trd, 003852.640, 95.0
Trd, 003853.200, 108
Trd, 003875.240, 62.0
Trd, 003875.420, 95.0
Trd, 003875.560, 91.0
Trd, 003875.620, 107
Trd, 003876.220, 116.0
Trd, 003877.260, 106
Trd, 003877.720, 97
Trd, 003878.440, 104
Trd, 003882.780, 104
Trd, 003890.880, 109
Trd, 003896.480, 106
Trd, 003905.100, 88
Trd, 003905.420, 104.0
Trd, 003905.620, 97
Trd, 003905.820, 106
Trd, 003906.120, 109
Trd, 003906.220, 107
Trd, 003907.240, 107
Trd, 003909.200, 107
Trd, 003909.440, 100.0
Trd, 003914.780, 108
Trd, 003925.120, 116.0
Trd, 003927.360, 95.0
Trd, 003935.520, 62.0
Trd, 003935.540, 66.0
Trd, 003935.740, 69
Trd, 003936.140, 70.0
Trd, 003936.220, 70
Trd, 003936.240, 83.0
Trd, 003937.220, 95.0
Trd, 003937.480, 105
Trd, 003938.420, 108
Trd, 003941.720, 112
Trd, 003945.380, 116.0
Trd, 003957.480, 110
Trd, 003965.280, 102
Trd, 003965.340, 86
Trd, 003965.520, 123
Trd, 003966.480, 113
Trd, 003966.500, 113
Trd, 003967.000, 111
Trd, 003967.380, 108.0
Trd, 003967.540, 112
Trd, 003969.080, 108
Trd, 003969.680, 104.0
Trd, 003976.760, 110
Trd, 003979.300, 95.0
Trd, 003995.680, 92
Trd, 003995.780, 94
Trd, 003995.960, 96
Trd, 003996.000, 91.0
Trd, 003996.960, 108
Trd, 003997.460, 99
Trd, 003998.800, 103
Trd, 003998.880, 104
Trd, 004005.060, 109
Trd, 004005.340, 116.0
Trd, 004008.820, 121
Trd, 004025.400, 70.0
Trd, 004025.480, 91.0
Trd, 004025.580, 87
Trd, 004026.040, 109
Trd, 004026.520, 110
Trd, 004026.760, 98
Trd, 004026.940, 104.0
Trd, 004027.780, 97
Trd, 004029.260, 97
Trd, 004031.000, 104
Trd, 004031.880, 116.0
Trd, 004047.140, 95.0
Trd, 004055.420, 126.0
Trd, 004055.440, 125.0
Trd, 004055.600, 91.0
Trd, 004055.900, 120
Trd, 004056.780, 111
Trd, 004057.000, 104.0
Trd, 004057.360, 115
Trd, 004058.280, 112
Trd, 004060.180, 113
Trd, 004060.800, 113
Trd, 004061.620, 104
Trd, 004073.760, 116.0
Trd, 004076.240, 95.0
Trd, 004085.420, 132
Trd, 004085.580, 125.0
Trd, 004085.760, 112
Trd, 004086.080, 126
Trd, 004086.680, 104.0
Trd, 004089.700, 104
Trd, 004090.080, 106
Trd, 004094.220, 104
Trd, 004095.100, 105
Trd, 004098.820, 108
Trd, 004102.700, 95.0
Trd, 004107.040, 100
Trd, 004115.460, 70.0
Trd, 004115.580, 125.0
Trd, 004116.020, 89
Trd, 004116.280, 90
Trd, 004116.340, 91
Trd, 004116.640, 95.0
Trd, 004116.720, 94
Trd, 004117.080, 104
Trd, 004117.400, 96
Trd, 004119.080, 110
Trd, 004119.760, 107.0
Trd, 004128.280, 104.0
Trd, 004129.840, 95
Trd, 004145.480, 62.0
Trd, 004145.660, 66.0
Trd, 004145.800, 89
Trd, 004146.440, 84
Trd, 004147.140, 102
Trd, 004147.520, 89
Trd, 004148.060, 122.0
Trd, 004149.440, 105
Trd, 004151.540, 106
Trd, 004152.440, 107
Trd, 004157.500, 95.0
Trd, 004171.260, 106
Trd, 004175.420, 62.0
Trd, 004175.480, 110
Trd, 004175.860, 126.0
Trd, 004176.140, 125.0
Trd, 004176.160, 106
Trd, 004176.600, 107
Trd, 004177.620, 107.0
Trd, 004179.100, 106
Trd, 004181.100, 104.0
Trd, 004181.900, 105
Trd, 004183.420, 104
Trd, 004205.520, 103
Trd, 004205.560, 79.0
Trd, 004205.720, 96
Trd, 004205.920, 70.0
Trd, 004206.860, 89
Trd, 004207.360, 99
Trd, 004207.820, 100
Trd, 004208.080, 105
Trd, 004208.260, 95.0
Trd, 004211.180, 108
Trd, 004221.560, 116.0
Trd, 004222.100, 117
Trd, 004222.540, 110
Trd, 004235.640, 104.0
Trd, 004236.040, 83.0
Trd, 004236.580, 81
Trd, 004237.100, 99
Trd, 004237.380, 97
Trd, 004237.500, 105
Trd, 004238.020, 105
Trd, 004240.320, 116.0
Trd, 004248.980, 119.0
Trd, 004254.120, 116
Trd, 004266.200, 110
Trd, 004266.360, 112
Trd, 004266.560, 113
Trd, 004267.020, 110
Trd, 004267.360, 109
Trd, 004267.500, 108
Trd, 004267.620, 104.0
Trd, 004268.140, 95.0
Trd, 004268.740, 109
Trd, 004270.820, 104
Trd, 004271.560, 108
Trd, 004284.920, 108
Trd, 004288.780, 96
Trd, 004295.800, 110
Trd, 004296.300, 92.0
Trd, 004296.500, 102
Trd, 004296.680, 102
Trd, 004297.540, 98
Trd, 004298.840, 102
Trd, 004298.940, 95.0
Trd, 004298.960, 103
Trd, 004299.420, 109
Trd, 004302.820, 116.0
Trd, 004311.900, 91.0
Trd, 004325.380, 96
Trd, 004325.700, 123
Trd, 004325.940, 125.0
Trd, 004326.040, 120
Trd, 004326.380, 108
Trd, 004326.740, 108
Trd, 004327.180, 110
Trd, 004328.600, 108
Trd, 004329.260, 107
Trd, 004336.160, 108
Trd, 004342.400, 109
Trd, 004348.160, 104.0
Trd, 004355.620, 125.0
Trd, 004355.760, 107
Trd, 004355.920, 131
Trd, 004356.160, 124
Trd, 004356.900, 107
Trd, 004357.900, 112
Trd, 004359.100, 104.0
Trd, 004360.520, 109
Trd, 004363.840, 104
Trd, 004367.160, 104
Trd, 004374.920, 95.0
Trd, 004375.100, 116.0
Trd, 004375.660, 91.0
Trd, 004385.600, 83.0
Trd, 004386.120, 91.0
Trd, 004386.200, 79
Trd, 004386.720, 105
Trd, 004387.020, 112
Trd, 004388.180, 111
Trd, 004388.440, 110
Trd, 004388.940, 111
Trd, 004391.000, 111
Trd, 004393.440, 116.0
Trd, 004396.500, 104.0
Trd, 004405.300, 95.0
Trd, 004415.620, 62.0
Trd, 004416.080, 94
Trd, 004416.160, 120
Trd, 004416.520, 104.0
Trd, 004416.760, 125.0
Trd, 004416.860, 93
Trd, 004417.180, 112
Trd, 004417.340, 111
Trd, 004418.100, 121
Trd, 004424.780, 95
Trd, 004425.760, 93
Trd, 004426.660, 94
Trd, 004444.540, 93
Trd, 004445.700, 125.0
Trd, 004446.580, 104.0
Trd, 004446.720, 107
Trd, 004447.180, 103
Trd, 004448.040, 106
Trd, 004450.700, 104
Trd, 004451.600, 105
Trd, 004452.960, 106
Trd, 004454.480, 108
Trd, 004454.700, 95.0
Trd, 004455.100, 116.0
Trd, 004473.600, 91.0
Trd, 004476.000, 111
Trd, 004476.060, 110
Trd, 004476.200, 122
Trd, 004476.520, 125.0
Trd, 004476.540, 122
Trd, 004476.920, 112
Trd, 004477.000, 104.0
Trd, 004477.260, 95.0
Trd, 004477.740, 93
Trd, 004479.600, 91.0
Trd, 004480.780, 92
Trd, 004480.880, 83.0
Trd, 004483.500, 95.0
Trd, 004496.520, 116.0
Trd, 004505.780, 112
Trd, 004506.180, 113
Trd, 004506.480, 112
Trd, 004506.820, 105.0
Trd, 004506.960, 113.0
Trd, 004507.640, 105
Trd, 004511.040, 108
Trd, 004511.280, 108
Trd, 004523.700, 109
Trd, 004527.680, 104.0
Trd, 004528.180, 95.0
Trd, 004535.660, 104.0
Trd, 004535.820, 83
Trd, 004536.400, 104
Trd, 004536.760, 103
Trd, 004536.900, 91.0
Trd, 004537.040, 108
Trd, 004537.600, 83.0
Trd, 004537.740, 113.0
Trd, 004538.300, 111
Trd, 004539.660, 99
Trd, 004541.620, 111.0
Trd, 004549.300, 100
Trd, 004565.900, 111
Trd, 004565.980, 120
Trd, 004566.160, 115
Trd, 004566.400, 104.0
Trd, 004566.520, 96.0
Trd, 004567.260, 115
Trd, 004567.300, 103
Trd, 004568.740, 96.0
Trd, 004572.240, 100
Trd, 004572.780, 101
Trd, 004575.260, 98
Trd, 004595.740, 112
Trd, 004596.080, 103
Trd, 004596.180, 95
Trd, 004596.300, 94
Trd, 004596.440, 104.0
Trd, 004596.760, 100
Trd, 004597.000, 102
Trd, 004597.540, 94
Trd, 004597.940, 104
Trd, 004598.200, 104
Trd, 004606.560, 109
Trd, 004617.100, 116.0
Trd, 004625.840, 107
Trd, 004625.980, 93.0
Trd, 004626.000, 110
Trd, 004626.380, 108
Trd, 004626.480, 93.0
Trd, 004626.520, 91.0
Trd, 004627.180, 109
Trd, 004628.780, 107
Trd, 004631.500, 106.0
Trd, 004633.180, 108
Trd, 004635.280, 104.0
Trd, 004651.860, 116.0
Trd, 004655.860, 130
Trd, 004656.320, 109
Trd, 004656.360, 108
Trd, 004656.620, 107
Trd, 004656.780, 104.0
Trd, 004657.300, 102
Trd, 004658.360, 101
Trd, 004658.800, 104
Trd, 004665.400, 103
Trd, 004676.820, 95.0
Trd, 004677.420, 109
Trd, 004685.900, 112
Trd, 004686.000, 107
Trd, 004686.080, 105.0
Trd, 004686.100, 108
Trd, 004686.940, 105.0
Trd, 004687.240, 107
Trd, 004687.640, 104.0
Trd, 004689.620, 99
Trd, 004691.240, 104
Trd, 004710.920, 109
Trd, 004713.220, 110
Trd, 004715.980, 89
Trd, 004716.100, 71
Trd, 004716.140, 70
Trd, 004716.420, 88
Trd, 004716.500, 106
Trd, 004718.480, 111.0
Trd, 004718.900, 107
Trd, 004718.960, 110
Trd, 004719.800, 110
Trd, 004723.260, 105
Trd, 004724.680, 100
Trd, 004745.920, 99
Trd, 004746.260, 75
Trd, 004746.400, 88
Trd, 004746.880, 106
Trd, 004747.080, 108
Trd, 004747.480, 104
Trd, 004747.560, 107
Trd, 004749.620, 113.0
Trd, 004749.680, 106
Trd, 004763.660, 104.0
Trd, 004767.000, 95.0
Trd, 004776.060, 62.0
Trd, 004776.120, 66.0
Trd, 004776.180, 70.0
Trd, 004776.220, 83.0
Trd, 004777.420, 106.0
Trd, 004778.920, 109
Trd, 004780.580, 104.0
Trd, 004783.260, 110
Trd, 004784.880, 95.0
Trd, 004787.020, 116.0
Trd, 004805.900, 70.0
Trd, 004806.440, 124.0
Trd, 004806.460, 101
Trd, 004806.480, 94
Trd, 004806.840, 110
Trd, 004807.800, 109
Trd, 004808.400, 111
Trd, 004809.540, 110
Trd, 004812.300, 110
Trd, 004820.600, 103
Trd, 004825.200, 95.0
Trd, 004825.460, 116.0
Trd, 004836.020, 125.0
Trd, 004836.420, 115
Trd, 004836.440, 106.0
Trd, 004836.480, 105.0
Trd, 004836.820, 111
Trd, 004837.000, 104.0
Trd, 004838.280, 100
Trd, 004840.560, 102
Trd, 004841.900, 101
Trd, 004842.180, 102
Trd, 004842.380, 104
Trd, 004843.060, 100
Trd, 004866.160, 91.0
Trd, 004866.180, 100
Trd, 004866.520, 96
Trd, 004866.740, 94
Trd, 004867.240, 93
Trd, 004867.260, 95.0
Trd, 004867.620, 95
Trd, 004867.840, 104
Trd, 004869.840, 103
Trd, 004874.780, 101.0
Trd, 004887.560, 97
Trd, 004888.540, 108
Trd, 004896.080, 81
Trd, 004896.200, 82.0
Trd, 004896.360, 83.0
Trd, 004896.440, 91
Trd, 004896.620, 108
Trd, 004897.320, 80
Trd, 004898.380, 97
Trd, 004898.620, 107
Trd, 004905.640, 107
Trd, 004906.940, 109.0
Trd, 004907.900, 106
Trd, 004917.760, 116.0
Trd, 004924.560, 104
Trd, 004925.900, 62.0
Trd, 004926.540, 77
Trd, 004926.960, 81.0
Trd, 004927.400, 83.0
Trd, 004927.700, 83
Trd, 004928.320, 87
Trd, 004930.100, 106
Trd, 004931.900, 107
Trd, 004934.440, 105
Trd, 004939.080, 109
Trd, 004947.640, 111
Trd, 004950.780, 108
Trd, 004956.020, 62.0
Trd, 004956.280, 126.0
Trd, 004956.400, 125.0
Trd, 004957.240, 125
Trd, 004957.440, 126
Trd, 004958.960, 118
Trd, 004959.160, 112
Trd, 004959.240, 111
Trd, 004966.500, 104.0
Trd, 004968.240, 105
Trd, 004970.780, 105
Trd, 004971.640, 108
Trd, 004986.100, 104.0
Trd, 004986.280, 106
Trd, 004986.640, 108
Trd, 004986.880, 108
Trd, 004987.000, 93.0
Trd, 004987.400, 114.0
Trd, 004988.400, 111
Trd, 004990.860, 108
Trd, 004991.320, 108
Trd, 004999.860, 91.0
