Trd, 000030.030, 161
Trd, 000030.330, 143
Trd, 000030.360, 151
Trd, 000030.380, 154
Trd, 000030.660, 158
Trd, 000030.950, 161
Trd, 000031.260, 145
Trd, 000031.500, 171
Trd, 000031.980, 162
Trd, 000034.510, 164
Trd, 000037.180, 172
Trd, 000060.140, 176
Trd, 000060.390, 177
Trd, 000061.070, 176
Trd, 000061.750, 167
Trd, 000062.340, 158
Trd, 000062.530, 155
Trd, 000063.070, 174
Trd, 000063.330, 153
Trd, 000063.660, 175
Trd, 000063.930, 178
Trd, 000074.750, 152
Trd, 000075.890, 148
Trd, 000086.590, 142
Trd, 000089.520, 139
Trd, 000090.170, 158
Trd, 000090.220, 159
Trd, 000090.240, 174
Trd, 000090.390, 174
Trd, 000090.400, 180
Trd, 000090.530, 187
Trd, 000090.830, 176
Trd, 000090.870, 175
Trd, 000090.920, 170
Trd, 000091.030, 164
Trd, 000091.660, 171
Trd, 000091.940, 182
Trd, 000092.230, 163
Trd, 000092.870, 155
Trd, 000093.440, 154
Trd, 000095.600, 166
Trd, 000095.720, 168
Trd, 000097.130, 168
Trd, 000098.040, 148
Trd, 000100.070, 161
Trd, 000101.290, 147
Trd, 000120.090, 173
Trd, 000120.110, 149
Trd, 000120.200, 169
Trd, 000120.240, 156
Trd, 000120.340, 191
Trd, 000120.510, 166
Trd, 000120.690, 164
Trd, 000120.870, 176
Trd, 000121.210, 161
Trd, 000121.790, 161
Trd, 000122.120, 172
Trd, 000122.770, 177
Trd, 000125.440, 160
Trd, 000125.600, 159
Trd, 000125.880, 165
Trd, 000130.060, 152
Trd, 000150.190, 160
Trd, 000150.280, 175
Trd, 000150.480, 164
Trd, 000150.580, 163
Trd, 000150.630, 152
Trd, 000150.830, 165
Trd, 000150.980, 166
Trd, 000151.160, 148
Trd, 000151.320, 152
Trd, 000151.640, 167
Trd, 000151.800, 147
Trd, 000152.080, 154
Trd, 000152.380, 154
Trd, 000155.300, 158
Trd, 000156.410, 159
Trd, 000163.290, 142
Trd, 000180.450, 135
Trd, 000180.540, 145
Trd, 000180.660, 154
Trd, 000180.680, 156
Trd, 000180.950, 138
Trd, 000181.410, 136
Trd, 000181.560, 151
Trd, 000181.780, 157
Trd, 000181.830, 136
Trd, 000181.890, 167
Trd, 000184.510, 164
Trd, 000186.170, 138
Trd, 000210.140, 155
Trd, 000210.180, 145
Trd, 000210.600, 137
Trd, 000210.850, 144
Trd, 000210.940, 146
Trd, 000211.070, 149
Trd, 000211.290, 151
Trd, 000212.450, 146
Trd, 000213.170, 162
Trd, 000213.260, 158
Trd, 000214.750, 162
Trd, 000214.770, 152
Trd, 000224.810, 162
Trd, 000240.560, 169
Trd, 000240.570, 168
Trd, 000240.720, 160
Trd, 000241.030, 154
Trd, 000241.080, 148
Trd, 000241.110, 175
Trd, 000241.800, 148
Trd, 000241.960, 154
Trd, 000242.670, 148
Trd, 000242.680, 152
Trd, 000246.980, 154
Trd, 000253.160, 164
Trd, 000259.170, 161
Trd, 000264.300, 161
Trd, 000270.480, 143
Trd, 000270.490, 147
Trd, 000270.560, 164
Trd, 000270.690, 180
Trd, 000270.870, 167
Trd, 000271.170, 146
Trd, 000271.900, 139
Trd, 000272.630, 154
Trd, 000272.640, 159
Trd, 000274.450, 170
Trd, 000276.330, 161
Trd, 000282.740, 173
Trd, 000300.330, 135
Trd, 000300.390, 148
Trd, 000300.720, 154
Trd, 000300.900, 152
Trd, 000301.000, 157
Trd, 000301.180, 144
Trd, 000301.260, 151
Trd, 000301.460, 145
Trd, 000301.540, 156
Trd, 000301.790, 158
Trd, 000303.300, 158
Trd, 000304.430, 159
Trd, 000306.770, 164
Trd, 000313.420, 159
Trd, 000330.280, 186
Trd, 000330.310, 180
Trd, 000330.560, 178
Trd, 000330.590, 174
Trd, 000330.700, 172
Trd, 000330.800, 172
Trd, 000331.340, 171
Trd, 000331.480, 138
Trd, 000332.070, 162
Trd, 000332.750, 163
Trd, 000333.770, 156
Trd, 000342.680, 149
Trd, 000346.610, 146
Trd, 000354.190, 157
Trd, 000360.290, 140
Trd, 000360.420, 158
Trd, 000360.460, 179
Trd, 000360.660, 181
Trd, 000360.680, 164
Trd, 000360.750, 139
Trd, 000360.800, 154
Trd, 000360.830, 163
Trd, 000360.840, 188
Trd, 000361.100, 167
Trd, 000361.660, 166
Trd, 000361.720, 154
Trd, 000368.020, 166
Trd, 000370.110, 160
Trd, 000373.090, 165
Trd, 000375.010, 161
Trd, 000380.580, 148
Trd, 000390.320, 167
Trd, 000390.430, 166
Trd, 000391.100, 159
Trd, 000391.170, 168
Trd, 000391.250, 168
Trd, 000391.530, 170
Trd, 000391.680, 160
Trd, 000391.800, 156
Trd, 000392.460, 153
Trd, 000393.410, 153
Trd, 000395.580, 176
Trd, 000396.520, 153
Trd, 000396.920, 168
Trd, 000404.350, 166
Trd, 000420.490, 130
Trd, 000420.710, 134
Trd, 000421.060, 148
Trd, 000421.710, 149
Trd, 000421.960, 140
Trd, 000424.240, 149
Trd, 000424.540, 147
Trd, 000425.200, 147
Trd, 000426.190, 146
Trd, 000426.430, 145
Trd, 000428.730, 154
Trd, 000438.180, 157
Trd, 000450.370, 150
Trd, 000450.620, 148
Trd, 000450.880, 161
Trd, 000450.990, 146
Trd, 000451.050, 162
Trd, 000451.120, 144
Trd, 000452.120, 158
Trd, 000452.280, 155
Trd, 000452.370, 152
Trd, 000454.900, 170
Trd, 000455.640, 169
Trd, 000461.160, 168
Trd, 000461.410, 171
Trd, 000478.880, 165
Trd, 000480.330, 135
Trd, 000480.540, 168
Trd, 000480.690, 165
Trd, 000480.930, 161
Trd, 000481.200, 153
Trd, 000481.620, 149
Trd, 000481.680, 155
Trd, 000481.890, 141
Trd, 000482.360, 170
Trd, 000483.590, 167
Trd, 000484.510, 155
Trd, 000493.180, 157
Trd, 000495.630, 152
Trd, 000510.370, 131
Trd, 000510.570, 136
Trd, 000510.720, 158
Trd, 000510.830, 154
Trd, 000511.290, 140
Trd, 000511.580, 159
Trd, 000512.160, 171
Trd, 000512.190, 166
Trd, 000512.950, 149
Trd, 000513.230, 156
Trd, 000513.360, 159
Trd, 000513.560, 174
Trd, 000513.760, 174
Trd, 000515.980, 176
Trd, 000516.590, 169
Trd, 000519.460, 168
Trd, 000540.350, 197
Trd, 000540.680, 170
Trd, 000540.870, 176
Trd, 000540.910, 160
Trd, 000541.140, 150
Trd, 000541.900, 154
Trd, 000542.000, 149
Trd, 000542.070, 159
Trd, 000543.310, 141
Trd, 000546.720, 163
Trd, 000553.490, 153
Trd, 000560.650, 172
Trd, 000570.380, 187
Trd, 000570.490, 134
Trd, 000570.590, 138
Trd, 000570.850, 130
Trd, 000571.020, 151
Trd, 000571.210, 152
Trd, 000571.530, 148
Trd, 000571.620, 154
Trd, 000572.160, 143
Trd, 000572.510, 148
Trd, 000578.260, 153
Trd, 000585.810, 163
Trd, 000596.180, 162
Trd, 000600.500, 164
Trd, 000600.650, 162
Trd, 000600.780, 161
Trd, 000601.220, 169
Trd, 000601.440, 173
Trd, 000601.680, 162
Trd, 000602.200, 174
Trd, 000602.620, 156
Trd, 000602.900, 169
Trd, 000603.770, 157
Trd, 000604.960, 169
Trd, 000605.710, 160
Trd, 000607.060, 152
Trd, 000610.420, 172
Trd, 000619.070, 162
Trd, 000619.520, 151
Trd, 000630.430, 143
Trd, 000630.470, 163
Trd, 000630.570, 155
Trd, 000631.140, 141
Trd, 000631.310, 148
Trd, 000631.900, 161
Trd, 000632.350, 159
Trd, 000632.530, 162
Trd, 000633.860, 164
Trd, 000637.250, 153
Trd, 000642.900, 177
Trd, 000649.180, 166
Trd, 000653.940, 152
Trd, 000657.890, 137
Trd, 000660.450, 135
Trd, 000660.480, 145
Trd, 000660.570, 145
Trd, 000660.640, 134
Trd, 000660.750, 159
Trd, 000660.900, 160
Trd, 000661.180, 173
Trd, 000661.290, 158
Trd, 000662.240, 168
Trd, 000662.300, 159
Trd, 000662.370, 170
Trd, 000663.170, 166
Trd, 000664.880, 170
Trd, 000668.210, 172
Trd, 000669.480, 161
Trd, 000690.520, 177
Trd, 000690.680, 138
Trd, 000690.910, 151
Trd, 000690.980, 148
Trd, 000691.050, 142
Trd, 000691.530, 161
Trd, 000692.140, 162
Trd, 000692.150, 150
Trd, 000695.800, 145
Trd, 000696.090, 157
Trd, 000698.020, 162
Trd, 000711.960, 146
Trd, 000720.820, 180
Trd, 000720.910, 153
Trd, 000720.950, 179
Trd, 000721.120, 141
Trd, 000721.300, 152
Trd, 000721.600, 157
Trd, 000721.850, 178
Trd, 000721.870, 167
Trd, 000721.980, 181
Trd, 000722.730, 152
Trd, 000727.750, 149
Trd, 000730.640, 157
Trd, 000750.710, 180
Trd, 000750.900, 172
Trd, 000750.960, 165
Trd, 000751.200, 152
Trd, 000751.240, 149
Trd, 000751.640, 148
Trd, 000751.700, 151
Trd, 000752.020, 151
Trd, 000752.910, 160
Trd, 000768.560, 163
Trd, 000776.170, 155
Trd, 000780.550, 169
Trd, 000780.960, 159
Trd, 000781.050, 150
Trd, 000781.210, 133
Trd, 000781.250, 138
Trd, 000781.360, 160
Trd, 000781.970, 140
Trd, 000782.190, 154
Trd, 000782.550, 156
Trd, 000783.080, 155
Trd, 000794.770, 157
Trd, 000795.660, 162
Trd, 000810.510, 152
Trd, 000810.630, 183
Trd, 000810.700, 172
Trd, 000810.770, 143
Trd, 000810.960, 137
Trd, 000811.050, 167
Trd, 000811.330, 166
Trd, 000811.580, 168
Trd, 000811.600, 161
Trd, 000812.110, 168
Trd, 000812.930, 168
Trd, 000814.160, 168
Trd, 000815.250, 166
Trd, 000816.090, 168
Trd, 000830.170, 160
Trd, 000835.880, 151
Trd, 000840.690, 173
Trd, 000840.710, 165
Trd, 000840.720, 144
Trd, 000840.900, 166
Trd, 000840.940, 156
Trd, 000841.010, 152
Trd, 000841.610, 131
Trd, 000842.120, 154
Trd, 000842.670, 138
Trd, 000842.780, 158
Trd, 000844.450, 141
Trd, 000854.490, 157
Trd, 000856.460, 143
Trd, 000870.560, 151
Trd, 000870.620, 191
Trd, 000870.780, 175
Trd, 000870.860, 164
Trd, 000871.030, 146
Trd, 000871.300, 165
Trd, 000871.360, 166
Trd, 000871.460, 162
Trd, 000871.790, 171
Trd, 000871.890, 168
Trd, 000872.250, 157
Trd, 000875.290, 169
Trd, 000877.680, 158
Trd, 000885.380, 160
Trd, 000892.410, 163
Trd, 000900.640, 136
Trd, 000900.740, 138
Trd, 000900.940, 171
Trd, 000900.960, 162
Trd, 000901.050, 145
Trd, 000901.090, 168
Trd, 000901.220, 155
Trd, 000901.890, 167
Trd, 000902.200, 173
Trd, 000905.020, 175
Trd, 000906.760, 172
Trd, 000907.510, 159
Trd, 000910.860, 160
Trd, 000918.860, 162
Trd, 000923.630, 161
Trd, 000930.610, 186
Trd, 000930.750, 130
Trd, 000931.020, 143
Trd, 000931.290, 176
Trd, 000931.790, 177
Trd, 000932.040, 171
Trd, 000932.430, 173
Trd, 000939.440, 168
Trd, 000940.190, 168
Trd, 000943.100, 162
Trd, 000949.330, 176
Trd, 000960.780, 182
Trd, 000960.940, 178
Trd, 000961.090, 175
Trd, 000961.170, 172
Trd, 000961.500, 160
Trd, 000961.530, 180
Trd, 000961.730, 165
Trd, 000962.170, 160
Trd, 000963.940, 158
Trd, 000964.200, 165
Trd, 000965.200, 168
Trd, 000967.730, 162
Trd, 000967.870, 156
Trd, 000970.470, 169
Trd, 000970.710, 156
Trd, 000981.960, 147
Trd, 000990.790, 174
Trd, 000991.090, 134
Trd, 000991.170, 132
Trd, 000991.180, 140
Trd, 000991.380, 153
Trd, 000991.930, 153
Trd, 000992.060, 162
Trd, 000992.230, 158
Trd, 000992.450, 160
Trd, 000992.630, 163
Trd, 000993.280, 158
Trd, 000995.150, 160
Trd, 001003.670, 166
Trd, 001005.060, 171
Trd, 001020.700, 184
Trd, 001020.790, 171
Trd, 001020.820, 181
Trd, 001021.020, 168
Trd, 001021.090, 166
Trd, 001021.230, 143
Trd, 001021.270, 144
Trd, 001022.020, 145
Trd, 001022.680, 150
Trd, 001023.810, 153
Trd, 001024.120, 155
Trd, 001026.620, 165
Trd, 001034.220, 156
Trd, 001050.790, 143
Trd, 001051.210, 131
Trd, 001051.270, 152
Trd, 001051.530, 147
Trd, 001051.570, 171
Trd, 001051.730, 173
Trd, 001051.990, 151
Trd, 001055.550, 161
Trd, 001057.110, 163
Trd, 001064.200, 151
Trd, 001080.940, 147
Trd, 001081.210, 144
Trd, 001081.290, 160
Trd, 001081.530, 169
Trd, 001081.620, 148
Trd, 001081.630, 146
Trd, 001082.030, 143
Trd, 001085.520, 154
Trd, 001086.470, 158
Trd, 001087.980, 160
Trd, 001095.720, 153
Trd, 001096.400, 153
Trd, 001100.100, 154
Trd, 001110.950, 161
Trd, 001111.200, 154
Trd, 001111.410, 164
Trd, 001111.440, 167
Trd, 001111.500, 154
Trd, 001111.760, 168
Trd, 001112.590, 142
Trd, 001112.630, 143
Trd, 001113.120, 141
Trd, 001113.670, 169
Trd, 001114.590, 162
Trd, 001121.630, 164
Trd, 001133.110, 161
Trd, 001135.990, 158
Trd, 001140.780, 148
Trd, 001140.840, 143
Trd, 001140.870, 168
Trd, 001140.930, 152
Trd, 001141.090, 162
Trd, 001141.220, 145
Trd, 001141.310, 163
Trd, 001141.400, 170
Trd, 001141.740, 143
Trd, 001142.110, 143
Trd, 001145.540, 158
Trd, 001147.320, 159
Trd, 001148.120, 169
Trd, 001149.660, 154
Trd, 001170.950, 185
Trd, 001171.010, 163
Trd, 001171.410, 150
Trd, 001171.430, 153
Trd, 001171.700, 157
Trd, 001172.170, 162
Trd, 001172.200, 153
Trd, 001173.080, 149
Trd, 001173.320, 156
Trd, 001173.510, 157
Trd, 001174.040, 155
Trd, 001175.030, 162
Trd, 001175.140, 152
Trd, 001175.570, 169
Trd, 001193.660, 150
Trd, 001200.780, 191
Trd, 001200.880, 189
Trd, 001201.000, 174
Trd, 001201.160, 168
Trd, 001201.170, 161
Trd, 001201.260, 158
Trd, 001201.270, 175
Trd, 001201.300, 180
Trd, 001201.650, 159
Trd, 001201.840, 156
Trd, 001202.350, 154
Trd, 001202.700, 173
Trd, 001202.790, 167
Trd, 001202.880, 172
Trd, 001203.090, 171
Trd, 001211.780, 172
Trd, 001213.490, 173
Trd, 001218.540, 172
Trd, 001220.200, 173
Trd, 001223.160, 172
Trd, 001230.880, 168
Trd, 001231.130, 137
Trd, 001231.150, 134
Trd, 001231.170, 140
Trd, 001231.660, 136
Trd, 001232.000, 135
Trd, 001232.580, 139
Trd, 001232.970, 143
Trd, 001233.820, 145
Trd, 001235.240, 149
Trd, 001235.700, 150
Trd, 001235.940, 151
Trd, 001240.050, 151
Trd, 001242.790, 153
Trd, 001261.060, 141
Trd, 001261.100, 156
Trd, 001261.380, 151
Trd, 001261.710, 155
Trd, 001262.000, 156
Trd, 001262.010, 144
Trd, 001262.970, 166
Trd, 001267.140, 165
Trd, 001273.990, 167
Trd, 001284.490, 159
Trd, 001291.040, 146
Trd, 001291.200, 158
Trd, 001291.920, 149
Trd, 001292.370, 161
Trd, 001292.740, 161
Trd, 001292.790, 163
Trd, 001292.840, 160
Trd, 001293.720, 164
Trd, 001294.020, 164
Trd, 001294.320, 166
Trd, 001295.360, 171
Trd, 001295.540, 160
Trd, 001302.360, 164
Trd, 001314.600, 149
Trd, 001320.980, 191
Trd, 001321.000, 193
Trd, 001321.020, 182
Trd, 001321.340, 140
Trd, 001321.510, 138
Trd, 001321.850, 145
Trd, 001321.910, 153
Trd, 001322.630, 161
Trd, 001322.850, 162
Trd, 001322.950, 162
Trd, 001323.220, 152
Trd, 001323.550, 163
Trd, 001324.980, 156
Trd, 001325.510, 148
Trd, 001326.850, 156
Trd, 001330.290, 165
Trd, 001347.060, 155
Trd, 001348.140, 152
Trd, 001350.990, 139
Trd, 001351.000, 155
Trd, 001351.160, 180
Trd, 001351.240, 136
Trd, 001351.270, 135
Trd, 001351.370, 139
Trd, 001351.910, 165
Trd, 001352.020, 173
Trd, 001352.120, 164
Trd, 001352.190, 156
Trd, 001352.350, 155
Trd, 001352.540, 163
Trd, 001354.050, 171
Trd, 001356.350, 159
Trd, 001365.190, 173
Trd, 001374.530, 153
Trd, 001380.970, 179
Trd, 001381.030, 149
Trd, 001381.100, 145
Trd, 001381.130, 158
Trd, 001381.420, 162
Trd, 001381.570, 170
Trd, 001382.190, 152
Trd, 001382.370, 167
Trd, 001382.680, 159
Trd, 001383.010, 149
Trd, 001383.510, 161
Trd, 001384.950, 157
Trd, 001385.660, 149
Trd, 001398.180, 159
Trd, 001399.910, 161
Trd, 001405.100, 147
Trd, 001411.010, 134
Trd, 001411.060, 151
Trd, 001411.220, 155
Trd, 001411.300, 163
Trd, 001411.520, 161
Trd, 001411.760, 148
Trd, 001411.770, 166
Trd, 001411.890, 146
Trd, 001412.210, 142
Trd, 001412.650, 155
Trd, 001413.020, 134
Trd, 001413.080, 143
Trd, 001413.490, 132
Trd, 001414.120, 168
Trd, 001417.200, 174
Trd, 001441.010, 191
Trd, 001441.270, 145
Trd, 001441.310, 166
Trd, 001441.350, 167
Trd, 001441.750, 155
Trd, 001441.910, 141
Trd, 001442.120, 131
Trd, 001442.390, 144
Trd, 001442.770, 143
Trd, 001443.110, 144
Trd, 001443.380, 156
Trd, 001449.350, 158
Trd, 001453.400, 154
Trd, 001470.960, 199
Trd, 001470.980, 159
Trd, 001471.400, 157
Trd, 001471.860, 160
Trd, 001471.880, 166
Trd, 001471.990, 168
Trd, 001472.350, 159
Trd, 001472.790, 157
Trd, 001473.070, 169
Trd, 001473.640, 155
Trd, 001484.930, 165
Trd, 001489.030, 159
Trd, 001494.580, 158
Trd, 001501.100, 194
Trd, 001501.310, 157
Trd, 001501.640, 171
Trd, 001501.680, 158
Trd, 001501.780, 156
Trd, 001501.900, 176
Trd, 001501.940, 175
Trd, 001502.000, 170
Trd, 001502.980, 158
Trd, 001503.600, 178
Trd, 001503.730, 155
Trd, 001506.420, 157
Trd, 001506.490, 160
Trd, 001506.850, 163
Trd, 001509.250, 151
Trd, 001513.710, 143
Trd, 001516.010, 142
Trd, 001531.100, 155
Trd, 001531.400, 172
Trd, 001531.540, 151
Trd, 001531.580, 134
Trd, 001532.280, 155
Trd, 001532.300, 149
Trd, 001533.230, 146
Trd, 001533.370, 160
Trd, 001534.600, 163
Trd, 001536.860, 148
Trd, 001540.590, 163
Trd, 001543.260, 171
Trd, 001558.930, 158
Trd, 001560.320, 175
Trd, 001561.090, 164
Trd, 001561.210, 160
Trd, 001561.630, 174
Trd, 001561.640, 150
Trd, 001561.660, 168
Trd, 001561.870, 177
Trd, 001562.540, 170
Trd, 001562.660, 169
Trd, 001563.710, 153
Trd, 001565.130, 166
Trd, 001568.270, 159
Trd, 001569.300, 168
Trd, 001585.000, 159
Trd, 001591.140, 173
Trd, 001591.410, 149
Trd, 001591.590, 158
Trd, 001591.860, 159
Trd, 001591.890, 163
Trd, 001592.120, 160
Trd, 001592.710, 153
Trd, 001592.880, 150
Trd, 001593.600, 148
Trd, 001594.750, 164
Trd, 001596.020, 168
Trd, 001613.370, 169
Trd, 001614.640, 169
Trd, 001616.560, 161
Trd, 001621.170, 141
Trd, 001621.220, 141
Trd, 001621.330, 151
Trd, 001621.350, 157
Trd, 001621.360, 147
Trd, 001621.420, 169
Trd, 001621.570, 149
Trd, 001621.600, 158
Trd, 001622.010, 158
Trd, 001622.120, 153
Trd, 001622.160, 165
Trd, 001622.200, 160
Trd, 001623.200, 161
Trd, 001623.780, 165
Trd, 001624.760, 152
Trd, 001625.340, 164
Trd, 001625.820, 167
Trd, 001628.920, 157
Trd, 001630.620, 144
Trd, 001638.030, 154
Trd, 001651.150, 174
Trd, 001651.200, 158
Trd, 001651.230, 154
Trd, 001651.570, 158
Trd, 001651.660, 165
Trd, 001651.740, 157
Trd, 001652.100, 143
Trd, 001652.230, 148
Trd, 001652.350, 139
Trd, 001653.310, 164
Trd, 001654.520, 165
Trd, 001655.910, 165
Trd, 001656.270, 167
Trd, 001661.190, 153
Trd, 001681.130, 149
Trd, 001681.500, 138
Trd, 001681.710, 144
Trd, 001681.730, 162
Trd, 001682.240, 135
Trd, 001682.260, 136
Trd, 001682.560, 150
Trd, 001682.770, 159
Trd, 001684.580, 142
Trd, 001687.460, 145
Trd, 001688.930, 147
Trd, 001692.660, 150
Trd, 001692.740, 155
Trd, 001711.420, 152
Trd, 001711.830, 153
Trd, 001711.860, 171
Trd, 001712.080, 153
Trd, 001712.130, 149
Trd, 001712.500, 157
Trd, 001712.710, 165
Trd, 001712.890, 173
Trd, 001713.690, 155
Trd, 001714.930, 150
Trd, 001715.670, 173
Trd, 001716.630, 166
Trd, 001718.110, 142
Trd, 001718.120, 168
Trd, 001741.140, 146
Trd, 001741.320, 182
Trd, 001741.630, 191
Trd, 001741.900, 180
Trd, 001742.090, 175
Trd, 001742.550, 156
Trd, 001742.930, 155
Trd, 001743.730, 154
Trd, 001745.850, 158
Trd, 001751.490, 160
Trd, 001752.860, 154
Trd, 001753.180, 152
Trd, 001755.970, 151
Trd, 001759.800, 147
Trd, 001771.150, 159
Trd, 001771.210, 169
Trd, 001771.400, 174
Trd, 001771.530, 133
Trd, 001771.930, 146
Trd, 001772.140, 149
Trd, 001772.790, 145
Trd, 001773.100, 148
Trd, 001773.270, 152
Trd, 001773.290, 158
Trd, 001774.040, 161
Trd, 001776.670, 162
Trd, 001778.820, 166
Trd, 001785.660, 171
Trd, 001801.210, 147
Trd, 001801.270, 176
Trd, 001801.560, 172
Trd, 001801.750, 173
Trd, 001801.870, 158
Trd, 001802.000, 168
Trd, 001802.110, 171
Trd, 001802.300, 157
Trd, 001802.410, 154
Trd, 001802.550, 148
Trd, 001802.770, 163
Trd, 001802.860, 146
Trd, 001805.530, 169
Trd, 001820.640, 166
Trd, 001831.260, 163
Trd, 001831.530, 132
Trd, 001832.050, 140
Trd, 001832.560, 138
Trd, 001832.920, 142
Trd, 001833.150, 157
Trd, 001833.390, 166
Trd, 001837.000, 161
Trd, 001846.110, 152
Trd, 001849.020, 149
Trd, 001849.940, 153
Trd, 001861.320, 141
Trd, 001861.360, 163
Trd, 001861.410, 131
Trd, 001861.570, 166
Trd, 001861.590, 146
Trd, 001861.820, 148
Trd, 001861.830, 160
Trd, 001861.860, 146
Trd, 001862.130, 173
Trd, 001862.450, 150
Trd, 001862.690, 175
Trd, 001862.870, 171
Trd, 001865.720, 154
Trd, 001866.250, 158
Trd, 001867.170, 159
Trd, 001869.500, 177
Trd, 001873.810, 153
Trd, 001891.370, 153
Trd, 001891.450, 181
Trd, 001891.460, 134
Trd, 001891.590, 186
Trd, 001891.770, 161
Trd, 001892.030, 163
Trd, 001892.150, 174
Trd, 001892.310, 187
Trd, 001892.460, 179
Trd, 001895.240, 157
Trd, 001897.150, 163
Trd, 001898.900, 164
Trd, 001914.800, 165
Trd, 001921.440, 181
Trd, 001921.520, 193
Trd, 001921.650, 173
Trd, 001921.730, 170
Trd, 001921.810, 169
Trd, 001922.290, 168
Trd, 001922.480, 168
Trd, 001923.120, 162
Trd, 001923.670, 165
Trd, 001924.100, 156
Trd, 001924.590, 154
Trd, 001925.470, 165
Trd, 001943.010, 169
Trd, 001951.280, 186
Trd, 001951.780, 150
Trd, 001952.190, 147
Trd, 001952.360, 140
Trd, 001952.570, 133
Trd, 001952.950, 153
Trd, 001954.770, 152
Trd, 001964.340, 144
Trd, 001972.290, 155
Trd, 001980.030, 147
Trd, 001981.450, 161
Trd, 001981.540, 136
Trd, 001981.720, 143
Trd, 001981.800, 168
Trd, 001981.940, 175
Trd, 001982.440, 173
Trd, 001982.530, 177
Trd, 001982.900, 177
Trd, 001983.430, 164
Trd, 001983.750, 162
Trd, 001984.260, 169
Trd, 001985.390, 169
Trd, 001985.810, 175
Trd, 001989.310, 169
Trd, 001993.240, 149
Trd, 002011.360, 164
Trd, 002011.620, 145
Trd, 002012.390, 158
Trd, 002012.620, 168
Trd, 002012.920, 160
Trd, 002012.980, 154
Trd, 002013.310, 155
Trd, 002014.040, 164
Trd, 002014.100, 153
Trd, 002016.910, 154
Trd, 002041.440, 164
Trd, 002041.740, 160
Trd, 002041.760, 150
Trd, 002041.820, 156
Trd, 002041.960, 174
Trd, 002042.210, 168
Trd, 002042.760, 159
Trd, 002042.920, 169
Trd, 002043.320, 162
Trd, 002045.730, 162
Trd, 002048.160, 158
Trd, 002051.010, 165
Trd, 002052.730, 168
Trd, 002058.050, 174
Trd, 002059.580, 175
Trd, 002071.360, 172
Trd, 002071.490, 164
Trd, 002071.500, 169
Trd, 002071.650, 132
Trd, 002071.720, 136
Trd, 002071.880, 155
Trd, 002072.150, 153
Trd, 002072.210, 148
Trd, 002072.300, 157
Trd, 002072.580, 152
Trd, 002073.210, 150
Trd, 002073.440, 163
Trd, 002074.200, 163
Trd, 002074.550, 154
Trd, 002077.250, 163
Trd, 002078.870, 149
Trd, 002084.150, 175
Trd, 002101.870, 141
Trd, 002101.900, 148
Trd, 002102.070, 156
Trd, 002102.520, 150
Trd, 002102.750, 152
Trd, 002103.010, 144
Trd, 002104.120, 155
Trd, 002104.140, 156
Trd, 002104.260, 150
Trd, 002104.520, 149
Trd, 002104.930, 154
Trd, 002106.460, 163
Trd, 002115.050, 165
Trd, 002131.460, 183
Trd, 002131.590, 156
Trd, 002131.770, 164
Trd, 002132.150, 138
Trd, 002132.240, 164
Trd, 002132.290, 165
Trd, 002132.990, 165
Trd, 002133.400, 157
Trd, 002134.780, 167
Trd, 002136.160, 137
Trd, 002149.290, 164
Trd, 002157.550, 167
Trd, 002161.560, 141
Trd, 002161.620, 147
Trd, 002161.640, 159
Trd, 002161.810, 146
Trd, 002162.850, 130
Trd, 002163.030, 148
Trd, 002164.240, 144
Trd, 002165.610, 153
Trd, 002165.870, 160
Trd, 002169.830, 155
Trd, 002181.440, 160
Trd, 002191.390, 162
Trd, 002191.540, 178
Trd, 002191.610, 164
Trd, 002191.850, 152
Trd, 002192.120, 168
Trd, 002192.200, 170
Trd, 002192.440, 152
Trd, 002192.790, 148
Trd, 002192.870, 172
Trd, 002193.140, 145
Trd, 002193.560, 156
Trd, 002193.670, 162
Trd, 002198.780, 149
Trd, 002201.050, 151
Trd, 002205.630, 146
Trd, 002219.180, 154
Trd, 002221.480, 138
Trd, 002221.570, 144
Trd, 002221.610, 137
Trd, 002221.790, 135
Trd, 002222.050, 137
Trd, 002222.220, 140
Trd, 002222.720, 143
Trd, 002222.800, 147
Trd, 002223.290, 150
Trd, 002223.860, 153
Trd, 002229.150, 152
Trd, 002234.040, 157
Trd, 002239.620, 160
Trd, 002243.720, 162
Trd, 002245.380, 154
Trd, 002251.520, 179
Trd, 002251.560, 177
Trd, 002251.590, 175
Trd, 002251.960, 152
Trd, 002252.450, 151
Trd, 002252.480, 154
Trd, 002252.490, 157
Trd, 002252.670, 142
Trd, 002252.730, 159
Trd, 002253.420, 172
Trd, 002253.470, 173
Trd, 002253.890, 166
Trd, 002260.450, 165
Trd, 002272.510, 174
Trd, 002281.450, 182
Trd, 002281.550, 164
Trd, 002281.810, 158
Trd, 002281.930, 157
Trd, 002281.950, 157
Trd, 002281.980, 160
Trd, 002282.080, 157
Trd, 002282.150, 163
Trd, 002282.450, 167
Trd, 002282.510, 154
Trd, 002282.530, 148
Trd, 002282.580, 175
Trd, 002283.790, 154
Trd, 002289.450, 159
Trd, 002291.520, 153
Trd, 002295.070, 156
Trd, 002297.570, 164
Trd, 002311.590, 152
Trd, 002311.730, 164
Trd, 002311.860, 151
Trd, 002312.660, 144
Trd, 002312.740, 166
Trd, 002313.490, 157
Trd, 002313.520, 162
Trd, 002314.390, 161
Trd, 002314.930, 166
Trd, 002322.290, 164
Trd, 002326.880, 165
Trd, 002327.010, 168
Trd, 002328.760, 169
Trd, 002341.510, 180
Trd, 002341.590, 167
Trd, 002341.770, 159
Trd, 002342.190, 144
Trd, 002342.560, 150
Trd, 002342.970, 140
Trd, 002343.040, 151
Trd, 002343.620, 140
Trd, 002343.860, 154
Trd, 002345.200, 159
Trd, 002345.960, 160
Trd, 002351.270, 163
Trd, 002351.640, 136
Trd, 002369.250, 144
Trd, 002371.560, 152
Trd, 002371.740, 154
Trd, 002371.790, 148
Trd, 002371.890, 170
Trd, 002372.080, 177
Trd, 002372.170, 173
Trd, 002372.450, 170
Trd, 002372.520, 161
Trd, 002372.580, 140
Trd, 002372.630, 181
Trd, 002372.820, 148
Trd, 002373.130, 163
Trd, 002373.710, 147
Trd, 002374.190, 154
Trd, 002374.870, 163
Trd, 002379.960, 161
Trd, 002401.480, 138
Trd, 002401.720, 144
Trd, 002401.950, 134
Trd, 002402.050, 148
Trd, 002402.380, 153
Trd, 002402.640, 156
Trd, 002402.770, 160
Trd, 002402.860, 131
Trd, 002403.190, 164
Trd, 002404.480, 162
Trd, 002405.730, 165
Trd, 002407.680, 172
Trd, 002407.780, 184
Trd, 002407.920, 165
Trd, 002412.450, 161
Trd, 002417.770, 159
Trd, 002418.410, 174
Trd, 002423.890, 151
Trd, 002431.650, 182
Trd, 002431.800, 155
Trd, 002432.060, 145
Trd, 002432.280, 162
Trd, 002432.860, 155
Trd, 002433.040, 147
Trd, 002433.260, 148
Trd, 002433.430, 145
Trd, 002434.810, 154
Trd, 002437.640, 154
Trd, 002442.260, 158
Trd, 002446.580, 161
Trd, 002449.590, 152
Trd, 002461.530, 191
Trd, 002461.610, 144
Trd, 002461.720, 176
Trd, 002461.780, 164
Trd, 002461.860, 168
Trd, 002461.930, 162
Trd, 002462.090, 174
Trd, 002462.360, 188
Trd, 002462.390, 185
Trd, 002463.070, 157
Trd, 002464.010, 164
Trd, 002466.050, 163
Trd, 002467.600, 155
Trd, 002478.370, 156
Trd, 002484.020, 171
Trd, 002491.630, 147
Trd, 002491.670, 138
Trd, 002492.030, 140
Trd, 002492.060, 166
Trd, 002492.320, 179
Trd, 002492.390, 142
Trd, 002492.500, 138
Trd, 002492.680, 148
Trd, 002493.000, 162
Trd, 002493.780, 156
Trd, 002494.250, 170
Trd, 002495.300, 170
Trd, 002495.940, 179
Trd, 002501.330, 183
Trd, 002503.970, 157
Trd, 002521.550, 184
Trd, 002521.740, 137
Trd, 002522.080, 166
Trd, 002522.280, 167
Trd, 002522.680, 166
Trd, 002522.950, 168
Trd, 002523.110, 166
Trd, 002523.170, 160
Trd, 002523.690, 165
Trd, 002524.210, 165
Trd, 002527.270, 150
Trd, 002528.540, 153
Trd, 002535.130, 170
Trd, 002543.040, 170
Trd, 002551.540, 172
Trd, 002551.590, 148
Trd, 002552.200, 164
Trd, 002552.240, 162
Trd, 002552.460, 167
Trd, 002552.830, 146
Trd, 002553.450, 144
Trd, 002553.530, 147
Trd, 002554.690, 138
Trd, 002555.970, 155
Trd, 002556.380, 160
Trd, 002556.890, 162
Trd, 002563.120, 162
Trd, 002581.700, 176
Trd, 002581.750, 167
Trd, 002581.830, 151
Trd, 002581.880, 146
Trd, 002581.910, 171
Trd, 002581.950, 176
Trd, 002582.200, 168
Trd, 002582.390, 170
Trd, 002583.360, 163
Trd, 002584.070, 162
Trd, 002584.730, 155
Trd, 002585.200, 145
Trd, 002585.230, 159
Trd, 002585.500, 139
Trd, 002587.450, 162
Trd, 002588.310, 138
Trd, 002611.610, 148
Trd, 002611.640, 148
Trd, 002611.700, 153
Trd, 002611.790, 154
Trd, 002612.200, 161
Trd, 002612.360, 154
Trd, 002612.810, 152
Trd, 002612.860, 157
Trd, 002613.520, 161
Trd, 002613.600, 147
Trd, 002614.450, 164
Trd, 002617.480, 163
Trd, 002627.030, 165
Trd, 002640.050, 161
Trd, 002640.590, 166
Trd, 002641.570, 167
Trd, 002641.700, 130
Trd, 002641.760, 142
Trd, 002641.790, 147
Trd, 002641.870, 152
Trd, 002642.060, 174
Trd, 002642.130, 157
Trd, 002642.640, 173
Trd, 002643.140, 169
Trd, 002643.180, 176
Trd, 002645.290, 162
Trd, 002646.010, 162
Trd, 002647.010, 172
Trd, 002648.730, 166
Trd, 002655.610, 173
Trd, 002671.670, 166
Trd, 002671.740, 174
Trd, 002671.770, 153
Trd, 002671.940, 146
Trd, 002672.370, 149
Trd, 002674.170, 166
Trd, 002676.670, 159
Trd, 002690.940, 151
Trd, 002695.530, 153
Trd, 002701.840, 165
Trd, 002701.850, 147
Trd, 002701.890, 145
Trd, 002702.000, 139
Trd, 002702.060, 166
Trd, 002702.460, 137
Trd, 002702.680, 159
Trd, 002702.870, 151
Trd, 002703.190, 156
Trd, 002703.200, 151
Trd, 002703.980, 155
Trd, 002705.700, 150
Trd, 002713.820, 169
Trd, 002731.610, 187
Trd, 002731.740, 142
Trd, 002731.850, 155
Trd, 002732.420, 151
Trd, 002732.490, 153
Trd, 002733.370, 151
Trd, 002734.240, 149
Trd, 002734.710, 156
Trd, 002736.210, 152
Trd, 002736.570, 155
Trd, 002739.370, 152
Trd, 002740.340, 149
Trd, 002740.620, 155
Trd, 002758.730, 146
Trd, 002761.710, 153
Trd, 002761.900, 166
Trd, 002762.030, 164
Trd, 002762.260, 164
Trd, 002762.740, 152
Trd, 002762.890, 156
Trd, 002763.000, 157
Trd, 002763.080, 162
Trd, 002763.290, 147
Trd, 002763.680, 150
Trd, 002763.870, 147
Trd, 002763.990, 163
Trd, 002764.680, 165
Trd, 002765.170, 169
Trd, 002772.630, 162
Trd, 002776.700, 169
Trd, 002781.270, 152
Trd, 002791.690, 193
Trd, 002792.000, 181
Trd, 002792.230, 159
Trd, 002792.310, 158
Trd, 002792.330, 158
Trd, 002792.440, 160
Trd, 002792.620, 153
Trd, 002792.760, 177
Trd, 002793.290, 174
Trd, 002793.560, 165
Trd, 002793.750, 156
Trd, 002798.170, 174
Trd, 002809.140, 160
Trd, 002811.120, 159
Trd, 002821.820, 197
Trd, 002821.850, 162
Trd, 002821.930, 183
Trd, 002822.130, 160
Trd, 002822.250, 158
Trd, 002822.500, 144
Trd, 002822.610, 149
Trd, 002823.040, 168
Trd, 002825.290, 172
Trd, 002827.050, 174
Trd, 002835.040, 169
Trd, 002847.350, 168
Trd, 002851.630, 170
Trd, 002851.760, 185
Trd, 002852.010, 196
Trd, 002852.070, 173
Trd, 002852.330, 181
Trd, 002852.340, 161
Trd, 002852.560, 138
Trd, 002852.600, 169
Trd, 002852.780, 146
Trd, 002856.710, 144
Trd, 002857.140, 149
Trd, 002881.800, 176
Trd, 002881.910, 175
Trd, 002881.930, 168
Trd, 002882.080, 136
Trd, 002882.420, 140
Trd, 002882.600, 136
Trd, 002882.610, 149
Trd, 002882.940, 153
Trd, 002883.100, 157
Trd, 002883.720, 147
Trd, 002884.610, 151
Trd, 002885.380, 156
Trd, 002885.950, 161
Trd, 002896.140, 157
Trd, 002909.190, 153
Trd, 002911.730, 169
Trd, 002912.010, 160
Trd, 002912.460, 168
Trd, 002912.610, 167
Trd, 002912.740, 160
Trd, 002912.840, 159
Trd, 002913.080, 168
Trd, 002913.380, 164
Trd, 002913.400, 153
Trd, 002913.810, 162
Trd, 002919.530, 160
Trd, 002923.100, 160
Trd, 002926.710, 159
Trd, 002927.100, 160
Trd, 002928.730, 164
Trd, 002937.630, 152
Trd, 002941.720, 190
Trd, 002941.810, 179
Trd, 002941.820, 171
Trd, 002941.920, 163
Trd, 002942.030, 144
Trd, 002942.090, 159
Trd, 002942.230, 163
Trd, 002942.360, 159
Trd, 002942.580, 154
Trd, 002943.270, 135
Trd, 002943.380, 135
Trd, 002943.850, 139
Trd, 002944.000, 167
Trd, 002944.590, 169
Trd, 002944.890, 179
Trd, 002946.790, 166
Trd, 002954.570, 177
Trd, 002971.990, 179
Trd, 002972.020, 172
Trd, 002972.280, 168
Trd, 002972.370, 176
Trd, 002972.490, 172
Trd, 002972.520, 167
Trd, 002972.610, 163
Trd, 002972.760, 166
Trd, 002972.790, 165
Trd, 002973.050, 155
Trd, 002973.160, 146
Trd, 002974.260, 147
Trd, 002978.730, 174
Trd, 002993.590, 173
Trd, 003001.770, 168
Trd, 003002.050, 169
Trd, 003002.120, 141
Trd, 003002.130, 153
Trd, 003002.880, 134
Trd, 003002.890, 157
Trd, 003002.980, 167
Trd, 003003.240, 162
Trd, 003003.660, 166
Trd, 003006.840, 158
Trd, 003010.990, 158
Trd, 003011.530, 151
Trd, 003031.730, 145
Trd, 003031.870, 162
Trd, 003031.990, 161
Trd, 003032.070, 177
Trd, 003032.140, 157
Trd, 003032.320, 161
Trd, 003032.650, 169
Trd, 003032.900, 162
Trd, 003033.130, 178
Trd, 003033.470, 180
Trd, 003033.650, 172
Trd, 003035.200, 165
Trd, 003036.410, 157
Trd, 003041.210, 161
Trd, 003049.490, 158
Trd, 003055.500, 154
Trd, 003061.900, 149
Trd, 003062.110, 148
Trd, 003062.190, 146
Trd, 003062.300, 150
Trd, 003062.550, 148
Trd, 003062.820, 165
Trd, 003062.850, 157
Trd, 003063.210, 146
Trd, 003064.010, 148
Trd, 003065.440, 149
Trd, 003066.510, 165
Trd, 003070.800, 151
Trd, 003073.260, 159
Trd, 003086.580, 147
Trd, 003091.730, 165
Trd, 003091.820, 183
Trd, 003091.870, 146
Trd, 003091.980, 150
Trd, 003092.150, 169
Trd, 003092.360, 164
Trd, 003092.420, 154
Trd, 003093.350, 149
Trd, 003094.330, 155
Trd, 003094.600, 148
Trd, 003095.070, 148
Trd, 003096.530, 155
Trd, 003096.580, 155
Trd, 003101.580, 162
Trd, 003103.360, 162
Trd, 003120.950, 150
Trd, 003121.750, 174
Trd, 003121.930, 173
Trd, 003122.200, 163
Trd, 003122.230, 159
Trd, 003122.530, 138
Trd, 003122.840, 166
Trd, 003124.390, 156
Trd, 003127.070, 173
Trd, 003130.380, 159
Trd, 003131.830, 164
Trd, 003134.620, 170
Trd, 003151.860, 153
Trd, 003151.890, 164
Trd, 003152.200, 168
Trd, 003152.210, 167
Trd, 003152.330, 171
Trd, 003152.640, 169
Trd, 003152.750, 165
Trd, 003153.010, 156
Trd, 003154.110, 139
Trd, 003154.140, 149
Trd, 003154.240, 159
Trd, 003160.260, 157
Trd, 003171.320, 153
Trd, 003172.790, 161
Trd, 003173.070, 162
Trd, 003181.810, 152
Trd, 003181.960, 133
Trd, 003182.290, 132
Trd, 003182.550, 142
Trd, 003182.590, 135
Trd, 003183.040, 146
Trd, 003183.340, 144
Trd, 003183.970, 140
Trd, 003184.090, 147
Trd, 003187.940, 160
Trd, 003200.690, 143
Trd, 003211.770, 131
Trd, 003212.170, 168
Trd, 003212.240, 163
Trd, 003212.910, 158
Trd, 003212.980, 160
Trd, 003213.060, 170
Trd, 003213.810, 161
Trd, 003219.940, 161
Trd, 003222.350, 162
Trd, 003224.300, 163
Trd, 003230.990, 162
Trd, 003235.220, 149
Trd, 003241.850, 169
Trd, 003242.110, 167
Trd, 003242.190, 178
Trd, 003242.250, 155
Trd, 003242.480, 179
Trd, 003242.730, 184
Trd, 003242.920, 177
Trd, 003243.010, 158
Trd, 003243.130, 154
Trd, 003245.130, 165
Trd, 003245.630, 148
Trd, 003250.650, 145
Trd, 003251.770, 141
Trd, 003254.940, 166
Trd, 003262.610, 168
Trd, 003271.780, 140
Trd, 003271.900, 139
Trd, 003271.970, 140
Trd, 003272.030, 131
Trd, 003272.130, 169
Trd, 003272.190, 162
Trd, 003272.390, 139
Trd, 003272.720, 169
Trd, 003272.960, 169
Trd, 003273.090, 153
Trd, 003273.420, 152
Trd, 003280.570, 153
Trd, 003286.810, 151
Trd, 003291.170, 151
Trd, 003297.690, 149
Trd, 003301.760, 165
Trd, 003301.790, 149
Trd, 003301.970, 185
Trd, 003302.240, 167
Trd, 003302.350, 164
Trd, 003302.770, 176
Trd, 003304.240, 175
Trd, 003305.240, 170
Trd, 003324.360, 173
Trd, 003324.960, 185
Trd, 003325.390, 166
Trd, 003331.900, 156
Trd, 003331.940, 137
Trd, 003331.970, 164
Trd, 003332.000, 163
Trd, 003332.110, 141
Trd, 003332.570, 169
Trd, 003332.660, 165
Trd, 003332.960, 156
Trd, 003333.090, 179
Trd, 003334.450, 162
Trd, 003334.980, 149
Trd, 003338.880, 168
Trd, 003339.080, 176
Trd, 003340.220, 172
Trd, 003341.550, 149
Trd, 003361.850, 150
Trd, 003361.950, 157
Trd, 003362.150, 165
Trd, 003362.780, 166
Trd, 003362.990, 169
Trd, 003363.270, 162
Trd, 003363.360, 161
Trd, 003363.480, 158
Trd, 003363.550, 167
Trd, 003363.640, 169
Trd, 003363.670, 173
Trd, 003363.780, 165
Trd, 003367.340, 172
Trd, 003374.100, 173
Trd, 003375.860, 166
Trd, 003389.050, 174
Trd, 003391.320, 170
Trd, 003391.790, 196
Trd, 003392.000, 184
Trd, 003392.010, 172
Trd, 003392.070, 155
Trd, 003392.270, 168
Trd, 003392.400, 155
Trd, 003392.590, 146
Trd, 003392.940, 154
Trd, 003393.020, 145
Trd, 003393.370, 165
Trd, 003395.050, 168
Trd, 003406.540, 145
Trd, 003407.060, 151
Trd, 003421.810, 158
Trd, 003422.140, 181
Trd, 003422.440, 198
Trd, 003422.530, 165
Trd, 003422.760, 168
Trd, 003422.870, 182
Trd, 003423.020, 173
Trd, 003423.120, 163
Trd, 003423.250, 170
Trd, 003423.450, 159
Trd, 003424.240, 151
Trd, 003424.330, 153
Trd, 003425.690, 161
Trd, 003432.950, 151
Trd, 003451.800, 144
Trd, 003451.910, 157
Trd, 003452.050, 180
Trd, 003452.230, 186
Trd, 003452.290, 178
Trd, 003452.670, 170
Trd, 003452.680, 161
Trd, 003452.760, 151
Trd, 003452.840, 149
Trd, 003452.880, 155
Trd, 003453.320, 173
Trd, 003453.890, 172
Trd, 003454.440, 169
Trd, 003457.120, 179
Trd, 003457.460, 158
Trd, 003462.340, 165
Trd, 003481.910, 185
Trd, 003482.120, 172
Trd, 003482.390, 169
Trd, 003482.490, 175
Trd, 003482.500, 165
Trd, 003482.630, 175
Trd, 003482.840, 164
Trd, 003483.530, 162
Trd, 003484.210, 168
Trd, 003484.580, 166
Trd, 003495.090, 168
Trd, 003496.140, 159
Trd, 003500.220, 156
Trd, 003501.810, 160
Trd, 003509.760, 161
Trd, 003511.970, 179
Trd, 003512.130, 172
Trd, 003512.360, 186
Trd, 003512.480, 188
Trd, 003512.600, 168
Trd, 003512.970, 177
Trd, 003512.990, 159
Trd, 003513.700, 152
Trd, 003513.810, 153
Trd, 003513.840, 146
Trd, 003514.700, 160
Trd, 003515.080, 166
Trd, 003520.390, 180
Trd, 003525.090, 170
Trd, 003533.910, 169
Trd, 003541.880, 185
Trd, 003541.890, 168
Trd, 003542.120, 176
Trd, 003542.680, 170
Trd, 003542.720, 186
Trd, 003543.080, 171
Trd, 003543.260, 171
Trd, 003543.330, 170
Trd, 003543.460, 186
Trd, 003543.770, 164
Trd, 003546.040, 159
Trd, 003546.450, 160
Trd, 003549.930, 163
Trd, 003550.730, 159
Trd, 003571.880, 197
Trd, 003572.070, 134
Trd, 003572.200, 154
Trd, 003572.340, 168
Trd, 003572.750, 159
Trd, 003572.850, 148
Trd, 003572.930, 163
Trd, 003573.350, 164
Trd, 003574.030, 139
Trd, 003575.160, 140
Trd, 003577.300, 156
Trd, 003578.590, 165
Trd, 003583.990, 155
Trd, 003586.810, 152
Trd, 003588.300, 157
Trd, 003589.540, 150
Trd, 003602.020, 149
Trd, 003602.030, 146
Trd, 003602.280, 159
Trd, 003602.350, 161
Trd, 003602.720, 163
Trd, 003602.760, 165
Trd, 003603.190, 166
Trd, 003603.340, 172
Trd, 003603.800, 160
Trd, 003604.000, 152
Trd, 003604.350, 154
Trd, 003608.160, 162
Trd, 003609.030, 163
Trd, 003620.620, 175
Trd, 003631.920, 200
Trd, 003631.990, 161
Trd, 003632.080, 140
Trd, 003632.120, 172
Trd, 003632.250, 173
Trd, 003632.360, 156
Trd, 003632.490, 149
Trd, 003632.950, 177
Trd, 003633.200, 168
Trd, 003633.690, 155
Trd, 003634.290, 170
Trd, 003635.230, 166
Trd, 003636.790, 157
Trd, 003639.290, 167
Trd, 003640.200, 157
Trd, 003644.450, 177
Trd, 003660.770, 162
Trd, 003661.970, 187
Trd, 003662.130, 168
Trd, 003662.330, 165
Trd, 003662.770, 148
Trd, 003662.940, 143
Trd, 003662.990, 150
Trd, 003663.380, 152
Trd, 003664.170, 165
Trd, 003664.610, 164
Trd, 003669.230, 150
Trd, 003669.970, 176
Trd, 003674.400, 174
Trd, 003676.260, 173
Trd, 003679.710, 182
Trd, 003683.640, 149
Trd, 003691.950, 142
Trd, 003691.970, 154
Trd, 003692.150, 169
Trd, 003692.290, 163
Trd, 003692.400, 159
Trd, 003692.410, 165
Trd, 003692.420, 158
Trd, 003692.600, 160
Trd, 003692.760, 168
Trd, 003693.100, 175
Trd, 003694.090, 149
Trd, 003694.800, 176
Trd, 003695.150, 177
Trd, 003696.130, 152
Trd, 003697.880, 144
Trd, 003701.840, 158
Trd, 003721.080, 160
Trd, 003722.090, 167
Trd, 003722.370, 170
Trd, 003722.400, 183
Trd, 003722.680, 168
Trd, 003722.720, 163
Trd, 003723.040, 160
Trd, 003723.070, 171
Trd, 003723.180, 150
Trd, 003723.700, 154
Trd, 003724.090, 158
Trd, 003725.120, 161
Trd, 003726.310, 163
Trd, 003728.540, 167
Trd, 003729.900, 163
Trd, 003730.660, 173
Trd, 003746.490, 175
Trd, 003752.000, 180
Trd, 003752.150, 189
Trd, 003752.860, 160
Trd, 003752.950, 145
Trd, 003753.240, 147
Trd, 003753.270, 149
Trd, 003753.790, 148
Trd, 003753.850, 155
Trd, 003754.830, 149
Trd, 003754.850, 168
Trd, 003756.920, 169
Trd, 003757.000, 163
Trd, 003757.080, 170
Trd, 003759.930, 174
Trd, 003766.210, 161
Trd, 003773.900, 157
Trd, 003774.080, 157
Trd, 003776.900, 179
Trd, 003782.300, 172
Trd, 003782.370, 175
Trd, 003782.670, 167
Trd, 003782.700, 166
Trd, 003782.730, 173
Trd, 003782.870, 158
Trd, 003783.230, 174
Trd, 003783.290, 175
Trd, 003783.340, 156
Trd, 003789.530, 173
Trd, 003793.110, 162
Trd, 003799.220, 170
Trd, 003804.270, 155
Trd, 003811.950, 144
Trd, 003812.010, 135
Trd, 003812.040, 182
Trd, 003812.370, 148
Trd, 003812.410, 159
Trd, 003812.540, 171
Trd, 003812.640, 148
Trd, 003812.690, 157
Trd, 003813.820, 155
Trd, 003814.330, 156
Trd, 003817.580, 156
Trd, 003818.350, 152
Trd, 003818.720, 151
Trd, 003820.280, 147
Trd, 003820.360, 161
Trd, 003824.180, 163
Trd, 003826.590, 138
Trd, 003842.110, 136
Trd, 003842.210, 159
Trd, 003842.280, 164
Trd, 003842.370, 157
Trd, 003842.720, 161
Trd, 003842.870, 174
Trd, 003843.130, 160
Trd, 003843.690, 155
Trd, 003845.430, 154
Trd, 003846.010, 161
Trd, 003850.660, 160
Trd, 003860.120, 157
Trd, 003867.870, 155
Trd, 003872.080, 170
Trd, 003872.090, 144
Trd, 003872.250, 145
Trd, 003872.550, 135
Trd, 003872.800, 141
Trd, 003873.000, 149
Trd, 003873.390, 145
Trd, 003873.930, 148
Trd, 003876.150, 157
Trd, 003884.430, 155
Trd, 003886.290, 152
Trd, 003894.790, 144
Trd, 003902.020, 154
Trd, 003902.090, 175
Trd, 003902.160, 151
Trd, 003902.520, 165
Trd, 003902.590, 167
Trd, 003902.670, 150
Trd, 003903.340, 172
Trd, 003903.680, 157
Trd, 003907.990, 164
Trd, 003909.910, 167
Trd, 003917.970, 162
Trd, 003925.040, 149
Trd, 003929.710, 154
Trd, 003932.020, 164
Trd, 003932.150, 155
Trd, 003932.380, 153
Trd, 003932.530, 154
Trd, 003932.590, 158
Trd, 003932.820, 149
Trd, 003933.000, 150
Trd, 003933.580, 156
Trd, 003933.640, 149
Trd, 003935.230, 155
Trd, 003937.460, 149
Trd, 003941.780, 156
Trd, 003962.050, 136
Trd, 003962.220, 165
Trd, 003962.280, 173
Trd, 003962.460, 171
Trd, 003962.660, 178
Trd, 003962.690, 167
Trd, 003962.780, 151
Trd, 003963.020, 175
Trd, 003963.850, 175
Trd, 003963.940, 177
Trd, 003964.890, 178
Trd, 003965.010, 174
Trd, 003965.270, 170
Trd, 003966.600, 171
Trd, 003967.070, 166
Trd, 003992.190, 160
Trd, 003992.430, 166
Trd, 003992.760, 135
Trd, 003992.870, 140
Trd, 003993.000, 168
Trd, 003993.030, 153
Trd, 003993.350, 151
Trd, 003993.720, 162
Trd, 003995.110, 147
Trd, 003995.390, 147
Trd, 003995.740, 157
Trd, 003995.930, 174
Trd, 004000.690, 161
Trd, 004002.010, 159
Trd, 004002.360, 160
Trd, 004003.350, 160
Trd, 004004.050, 161
Trd, 004004.650, 158
Trd, 004022.020, 180
Trd, 004022.260, 196
Trd, 004022.380, 173
Trd, 004022.460, 160
Trd, 004022.540, 178
Trd, 004022.910, 167
Trd, 004022.970, 163
Trd, 004023.200, 158
Trd, 004023.500, 149
Trd, 004023.530, 145
Trd, 004023.640, 143
Trd, 004023.830, 160
Trd, 004024.030, 161
Trd, 004026.730, 155
Trd, 004027.710, 154
Trd, 004028.260, 149
Trd, 004029.500, 155
Trd, 004030.320, 158
Trd, 004033.400, 165
Trd, 004034.910, 165
Trd, 004036.150, 169
Trd, 004050.920, 150
Trd, 004052.110, 142
Trd, 004052.220, 144
Trd, 004052.340, 186
Trd, 004052.380, 177
Trd, 004052.430, 173
Trd, 004052.600, 184
Trd, 004052.740, 177
Trd, 004052.830, 174
Trd, 004053.290, 174
Trd, 004053.680, 173
Trd, 004055.250, 167
Trd, 004055.740, 166
Trd, 004056.550, 163
Trd, 004056.630, 165
Trd, 004059.080, 162
Trd, 004062.650, 146
Trd, 004066.590, 165
Trd, 004073.080, 156
Trd, 004082.030, 192
Trd, 004082.140, 183
Trd, 004082.220, 188
Trd, 004082.320, 181
Trd, 004082.380, 164
Trd, 004082.800, 160
Trd, 004082.980, 157
Trd, 004083.190, 158
Trd, 004083.340, 160
Trd, 004083.390, 161
Trd, 004083.430, 166
Trd, 004083.500, 157
Trd, 004083.990, 154
Trd, 004085.580, 152
Trd, 004086.200, 151
Trd, 004086.890, 157
Trd, 004086.980, 163
Trd, 004093.080, 166
Trd, 004095.580, 158
Trd, 004112.320, 153
Trd, 004112.380, 134
Trd, 004112.510, 147
Trd, 004112.610, 142
Trd, 004112.620, 152
Trd, 004112.920, 135
Trd, 004113.030, 143
Trd, 004113.100, 143
Trd, 004113.210, 142
Trd, 004113.330, 143
Trd, 004113.340, 149
Trd, 004113.530, 157
Trd, 004113.570, 164
Trd, 004114.070, 163
Trd, 004114.630, 166
Trd, 004116.770, 166
Trd, 004119.250, 166
Trd, 004131.570, 169
Trd, 004131.980, 170
Trd, 004142.240, 170
Trd, 004142.270, 173
Trd, 004142.280, 158
Trd, 004142.410, 172
Trd, 004142.460, 145
Trd, 004142.860, 157
Trd, 004143.070, 161
Trd, 004143.190, 173
Trd, 004143.250, 158
Trd, 004144.700, 162
Trd, 004145.570, 159
Trd, 004149.050, 157
Trd, 004150.800, 159
Trd, 004172.170, 161
Trd, 004172.250, 138
Trd, 004172.380, 149
Trd, 004172.490, 150
Trd, 004172.660, 160
Trd, 004172.830, 165
Trd, 004173.350, 156
Trd, 004173.360, 147
Trd, 004173.720, 159
Trd, 004174.280, 152
Trd, 004174.910, 159
Trd, 004176.340, 155
Trd, 004178.120, 162
Trd, 004179.210, 164
Trd, 004181.200, 157
Trd, 004183.930, 157
Trd, 004186.530, 150
Trd, 004189.310, 154
Trd, 004194.130, 147
Trd, 004202.220, 155
Trd, 004202.340, 134
Trd, 004202.410, 141
Trd, 004202.540, 145
Trd, 004202.560, 148
Trd, 004203.050, 145
Trd, 004203.130, 141
Trd, 004203.670, 141
Trd, 004203.900, 138
Trd, 004204.010, 141
Trd, 004205.120, 146
Trd, 004206.390, 147
Trd, 004206.530, 147
Trd, 004208.860, 148
Trd, 004212.520, 148
Trd, 004232.190, 164
Trd, 004232.260, 158
Trd, 004232.280, 146
Trd, 004232.380, 137
Trd, 004232.530, 155
Trd, 004232.650, 145
Trd, 004232.810, 161
Trd, 004233.030, 162
Trd, 004233.650, 149
Trd, 004234.410, 156
Trd, 004238.000, 156
Trd, 004238.200, 163
Trd, 004242.050, 165
Trd, 004244.350, 158
Trd, 004262.330, 159
Trd, 004262.510, 160
Trd, 004262.720, 159
Trd, 004262.770, 162
Trd, 004262.880, 162
Trd, 004262.910, 161
Trd, 004262.990, 158
Trd, 004263.010, 155
Trd, 004263.130, 152
Trd, 004263.430, 161
Trd, 004263.660, 160
Trd, 004263.940, 160
Trd, 004264.270, 158
Trd, 004264.550, 159
Trd, 004266.040, 152
Trd, 004267.180, 157
Trd, 004267.760, 162
Trd, 004276.610, 162
Trd, 004276.750, 163
Trd, 004280.720, 158
Trd, 004282.750, 150
Trd, 004282.810, 148
Trd, 004292.110, 160
Trd, 004292.150, 157
Trd, 004292.370, 152
Trd, 004292.540, 151
Trd, 004292.630, 155
Trd, 004292.900, 159
Trd, 004293.360, 150
Trd, 004293.670, 151
Trd, 004293.900, 155
Trd, 004294.080, 158
Trd, 004294.390, 156
Trd, 004294.520, 157
Trd, 004296.180, 159
Trd, 004296.190, 162
Trd, 004296.520, 163
Trd, 004297.350, 165
Trd, 004298.400, 170
Trd, 004322.100, 145
Trd, 004322.320, 138
Trd, 004322.510, 187
Trd, 004322.640, 170
Trd, 004323.120, 151
Trd, 004323.170, 159
Trd, 004323.460, 166
Trd, 004323.880, 169
Trd, 004323.960, 163
Trd, 004324.850, 169
Trd, 004325.440, 161
Trd, 004326.160, 156
Trd, 004327.140, 173
Trd, 004338.500, 161
Trd, 004339.850, 169
Trd, 004352.170, 135
Trd, 004352.300, 143
Trd, 004352.410, 165
Trd, 004352.510, 153
Trd, 004352.710, 143
Trd, 004353.000, 157
Trd, 004353.020, 163
Trd, 004353.180, 153
Trd, 004353.840, 156
Trd, 004353.990, 161
Trd, 004354.130, 157
Trd, 004355.440, 156
Trd, 004359.840, 153
Trd, 004360.040, 161
Trd, 004362.280, 161
Trd, 004366.290, 162
Trd, 004366.880, 140
Trd, 004373.510, 157
Trd, 004382.250, 184
Trd, 004382.560, 133
Trd, 004382.590, 142
Trd, 004383.160, 156
Trd, 004383.420, 156
Trd, 004383.780, 153
Trd, 004383.830, 157
Trd, 004383.990, 152
Trd, 004384.510, 152
Trd, 004385.050, 153
Trd, 004386.870, 152
Trd, 004387.490, 157
Trd, 004387.560, 158
Trd, 004388.780, 148
Trd, 004390.540, 158
Trd, 004398.870, 146
Trd, 004412.170, 198
Trd, 004412.290, 175
Trd, 004412.310, 171
Trd, 004412.380, 173
Trd, 004412.470, 141
Trd, 004412.700, 142
Trd, 004412.790, 150
Trd, 004413.030, 149
Trd, 004413.100, 157
Trd, 004413.230, 148
Trd, 004414.150, 149
Trd, 004414.280, 145
Trd, 004414.830, 153
Trd, 004415.200, 148
Trd, 004419.280, 144
Trd, 004419.630, 152
Trd, 004420.960, 157
Trd, 004428.880, 141
Trd, 004432.040, 140
Trd, 004438.550, 158
Trd, 004442.350, 141
Trd, 004442.570, 143
Trd, 004442.590, 140
Trd, 004442.600, 145
Trd, 004442.730, 152
Trd, 004442.860, 157
Trd, 004443.070, 162
Trd, 004443.130, 162
Trd, 004443.160, 164
Trd, 004443.350, 152
Trd, 004443.530, 147
Trd, 004443.590, 158
Trd, 004443.610, 161
Trd, 004444.030, 152
Trd, 004444.600, 158
Trd, 004444.770, 155
Trd, 004445.510, 155
Trd, 004461.380, 158
Trd, 004472.220, 144
Trd, 004472.300, 140
Trd, 004472.390, 146
Trd, 004472.430, 147
Trd, 004472.460, 154
Trd, 004472.790, 152
Trd, 004473.050, 153
Trd, 004473.310, 152
Trd, 004473.380, 156
Trd, 004473.390, 158
Trd, 004473.520, 166
Trd, 004473.540, 162
Trd, 004473.550, 148
Trd, 004473.770, 138
Trd, 004474.300, 149
Trd, 004474.640, 168
Trd, 004475.440, 166
Trd, 004477.440, 171
Trd, 004478.500, 169
Trd, 004478.750, 165
Trd, 004502.170, 143
Trd, 004502.540, 173
Trd, 004502.670, 170
Trd, 004502.840, 164
Trd, 004502.850, 165
Trd, 004502.990, 162
Trd, 004503.130, 161
Trd, 004503.190, 160
Trd, 004503.390, 165
Trd, 004503.430, 163
Trd, 004503.550, 157
Trd, 004503.650, 168
Trd, 004503.790, 168
Trd, 004505.750, 168
Trd, 004505.790, 167
Trd, 004506.040, 164
Trd, 004513.480, 168
Trd, 004520.810, 169
Trd, 004521.110, 161
Trd, 004521.870, 157
Trd, 004532.410, 150
Trd, 004532.500, 185
Trd, 004532.550, 158
Trd, 004532.710, 182
Trd, 004532.810, 182
Trd, 004532.990, 166
Trd, 004533.080, 177
Trd, 004533.440, 162
Trd, 004533.490, 157
Trd, 004533.680, 157
Trd, 004534.250, 151
Trd, 004534.640, 154
Trd, 004536.220, 156
Trd, 004536.900, 160
Trd, 004545.610, 158
Trd, 004562.270, 167
Trd, 004562.400, 153
Trd, 004562.440, 153
Trd, 004562.630, 145
Trd, 004562.770, 153
Trd, 004563.140, 159
Trd, 004563.330, 154
Trd, 004563.750, 154
Trd, 004563.920, 150
Trd, 004564.430, 159
Trd, 004565.100, 160
Trd, 004566.040, 161
Trd, 004567.150, 164
Trd, 004567.550, 161
Trd, 004567.640, 158
Trd, 004569.860, 164
Trd, 004588.910, 145
Trd, 004592.210, 135
Trd, 004592.410, 150
Trd, 004592.630, 146
Trd, 004592.680, 150
Trd, 004592.780, 162
Trd, 004592.810, 162
Trd, 004593.240, 152
Trd, 004593.260, 158
Trd, 004593.600, 151
Trd, 004593.820, 151
Trd, 004593.860, 159
Trd, 004594.240, 164
Trd, 004594.450, 160
Trd, 004597.900, 155
Trd, 004602.770, 165
Trd, 004610.410, 165
Trd, 004622.240, 186
Trd, 004622.330, 185
Trd, 004622.340, 178
Trd, 004622.390, 156
Trd, 004622.600, 152
Trd, 004622.650, 144
Trd, 004622.880, 138
Trd, 004623.040, 148
Trd, 004623.220, 150
Trd, 004623.290, 134
Trd, 004623.830, 154
Trd, 004624.030, 153
Trd, 004624.220, 160
Trd, 004624.580, 164
Trd, 004625.050, 164
Trd, 004625.510, 150
Trd, 004625.890, 165
Trd, 004628.420, 164
Trd, 004632.230, 165
Trd, 004634.260, 152
Trd, 004645.220, 168
Trd, 004652.270, 154
Trd, 004652.290, 169
Trd, 004652.370, 154
Trd, 004652.400, 147
Trd, 004652.610, 153
Trd, 004652.680, 153
Trd, 004652.820, 152
Trd, 004652.870, 150
Trd, 004652.950, 156
Trd, 004653.420, 150
Trd, 004654.030, 146
Trd, 004654.120, 141
Trd, 004655.020, 151
Trd, 004655.610, 153
Trd, 004656.390, 159
Trd, 004663.660, 158
Trd, 004668.600, 161
Trd, 004680.990, 153
Trd, 004682.330, 131
Trd, 004682.420, 184
Trd, 004682.450, 154
Trd, 004682.540, 137
Trd, 004682.640, 161
Trd, 004682.680, 167
Trd, 004682.750, 154
Trd, 004682.850, 160
Trd, 004682.930, 159
Trd, 004683.130, 154
Trd, 004683.270, 151
Trd, 004683.890, 153
Trd, 004684.050, 154
Trd, 004684.500, 156
Trd, 004684.930, 162
Trd, 004685.040, 161
Trd, 004685.800, 163
Trd, 004686.450, 164
Trd, 004689.200, 158
Trd, 004689.920, 171
Trd, 004701.950, 164
Trd, 004712.310, 130
Trd, 004712.420, 132
Trd, 004712.480, 146
Trd, 004712.500, 150
Trd, 004712.560, 154
Trd, 004712.600, 163
Trd, 004712.650, 171
Trd, 004712.700, 184
Trd, 004713.090, 152
Trd, 004713.230, 179
Trd, 004713.300, 178
Trd, 004713.590, 160
Trd, 004714.500, 159
Trd, 004716.760, 169
Trd, 004718.910, 159
Trd, 004730.170, 166
Trd, 004742.440, 130
Trd, 004742.580, 136
Trd, 004742.640, 137
Trd, 004742.870, 130
Trd, 004743.070, 152
Trd, 004743.080, 147
Trd, 004743.110, 137
Trd, 004743.260, 153
Trd, 004743.670, 155
Trd, 004743.740, 154
Trd, 004744.120, 162
Trd, 004744.330, 161
Trd, 004744.510, 160
Trd, 004745.070, 162
Trd, 004745.080, 158
Trd, 004745.550, 144
Trd, 004747.100, 141
Trd, 004747.470, 143
Trd, 004747.730, 136
Trd, 004769.410, 163
Trd, 004772.270, 193
Trd, 004772.420, 155
Trd, 004772.440, 151
Trd, 004772.550, 166
Trd, 004772.630, 172
Trd, 004772.670, 161
Trd, 004772.810, 169
Trd, 004772.880, 183
Trd, 004772.950, 161
Trd, 004773.210, 160
Trd, 004773.940, 151
Trd, 004774.150, 153
Trd, 004774.190, 146
Trd, 004774.380, 157
Trd, 004775.210, 163
Trd, 004775.690, 169
Trd, 004776.000, 170
Trd, 004777.040, 171
Trd, 004786.530, 166
Trd, 004802.350, 186
Trd, 004802.410, 157
Trd, 004802.480, 160
Trd, 004802.740, 150
Trd, 004803.060, 149
Trd, 004803.290, 154
Trd, 004803.470, 148
Trd, 004803.480, 154
Trd, 004803.640, 151
Trd, 004803.680, 156
Trd, 004803.810, 160
Trd, 004803.850, 147
Trd, 004804.540, 151
Trd, 004806.100, 140
Trd, 004807.090, 150
Trd, 004809.150, 150
Trd, 004811.090, 164
Trd, 004816.710, 153
Trd, 004823.770, 165
Trd, 004832.410, 153
Trd, 004832.520, 162
Trd, 004832.650, 160
Trd, 004832.670, 182
Trd, 004832.680, 185
Trd, 004832.770, 182
Trd, 004832.980, 177
Trd, 004833.060, 169
Trd, 004833.220, 164
Trd, 004833.260, 163
Trd, 004833.330, 183
Trd, 004833.480, 153
Trd, 004834.010, 174
Trd, 004834.260, 159
Trd, 004834.790, 175
Trd, 004835.050, 156
Trd, 004835.150, 161
Trd, 004835.330, 155
Trd, 004837.970, 166
Trd, 004845.820, 175
Trd, 004850.210, 173
Trd, 004851.400, 176
Trd, 004862.650, 156
Trd, 004862.780, 161
Trd, 004862.950, 155
Trd, 004862.990, 166
Trd, 004863.070, 169
Trd, 004863.620, 154
Trd, 004864.050, 161
Trd, 004864.710, 164
Trd, 004864.840, 160
Trd, 004865.170, 160
Trd, 004865.250, 163
Trd, 004866.180, 165
Trd, 004866.560, 155
Trd, 004869.350, 156
Trd, 004879.340, 166
Trd, 004885.360, 157
Trd, 004892.470, 147
Trd, 004892.980, 153
Trd, 004892.990, 152
Trd, 004893.030, 155
Trd, 004893.080, 159
Trd, 004893.310, 166
Trd, 004893.400, 144
Trd, 004893.780, 145
Trd, 004893.880, 151
Trd, 004894.160, 164
Trd, 004894.230, 166
Trd, 004894.650, 148
Trd, 004895.610, 144
Trd, 004898.030, 149
Trd, 004902.460, 155
Trd, 004922.290, 132
Trd, 004922.550, 186
Trd, 004922.610, 194
Trd, 004922.680, 178
Trd, 004922.740, 178
Trd, 004922.960, 172
Trd, 004923.120, 161
Trd, 004923.150, 156
Trd, 004923.330, 169
Trd, 004923.350, 146
Trd, 004923.570, 159
Trd, 004923.790, 154
Trd, 004923.810, 162
Trd, 004925.270, 160
Trd, 004927.700, 159
Trd, 004931.170, 159
Trd, 004931.360, 162
Trd, 004952.410, 171
Trd, 004952.440, 155
Trd, 004952.580, 134
Trd, 004952.620, 155
Trd, 004952.730, 136
Trd, 004952.880, 134
Trd, 004953.030, 150
Trd, 004953.090, 165
Trd, 004953.260, 158
Trd, 004954.280, 166
Trd, 004954.480, 159
Trd, 004954.610, 156
Trd, 004955.110, 155
Trd, 004955.200, 163
Trd, 004955.340, 161
Trd, 004955.440, 168
Trd, 004959.570, 160
Trd, 004959.660, 163
Trd, 004964.330, 154
Trd, 004970.260, 162
Trd, 004981.540, 153
Trd, 004982.380, 185
Trd, 004982.420, 186
Trd, 004982.520, 136
Trd, 004982.580, 172
Trd, 004982.690, 183
Trd, 004982.700, 176
Trd, 004982.740, 150
Trd, 004983.000, 168
Trd, 004983.140, 151
Trd, 004983.160, 141
Trd, 004983.590, 145
Trd, 004983.990, 144
Trd, 004984.140, 149
Trd, 004984.290, 142
Trd, 004985.000, 141
Trd, 004986.400, 159
Trd, 004991.850, 159
Trd, 004997.020, 162
