Trd, 000030.490, 148
Trd, 000030.550, 137
Trd, 000030.780, 136
Trd, 000030.830, 151.0
Trd, 000030.910, 171.0
Trd, 000031.070, 155.0
Trd, 000031.260, 155
Trd, 000031.450, 154
Trd, 000032.170, 156
Trd, 000032.690, 156
Trd, 000033.090, 158
Trd, 000036.430, 161
Trd, 000037.340, 156.0
Trd, 000038.940, 162
Trd, 000060.110, 200.0
Trd, 000060.820, 160
Trd, 000061.240, 155.0
Trd, 000061.330, 156
Trd, 000061.430, 157
Trd, 000061.600, 157
Trd, 000061.810, 154
Trd, 000061.880, 152.0
Trd, 000064.770, 155
Trd, 000068.940, 161
Trd, 000074.630, 162
Trd, 000082.250, 163
Trd, 000082.600, 157
Trd, 000089.520, 164.0
Trd, 000090.180, 152.0
Trd, 000090.290, 154
Trd, 000090.410, 163
Trd, 000090.900, 157
Trd, 000090.950, 160
Trd, 000091.170, 161
Trd, 000091.210, 161
Trd, 000091.290, 156.0
Trd, 000092.700, 161
Trd, 000092.980, 161
Trd, 000094.490, 155
Trd, 000098.830, 160
Trd, 000100.260, 151.0
Trd, 000106.200, 162
Trd, 000107.390, 164.0
Trd, 000120.260, 169
Trd, 000120.270, 158
Trd, 000120.430, 168
Trd, 000120.760, 165
Trd, 000120.830, 157
Trd, 000121.420, 156
Trd, 000121.740, 161
Trd, 000121.780, 162
Trd, 000122.960, 156
Trd, 000127.150, 156.0
Trd, 000128.060, 159
Trd, 000130.570, 160
Trd, 000131.290, 160
Trd, 000134.840, 164.0
Trd, 000148.050, 161
Trd, 000150.190, 158
Trd, 000150.210, 171.0
Trd, 000150.550, 163
Trd, 000150.610, 164
Trd, 000150.840, 157
Trd, 000150.920, 156.0
Trd, 000151.090, 164
Trd, 000151.120, 164.0
Trd, 000152.440, 163
Trd, 000152.730, 160
Trd, 000153.730, 164
Trd, 000154.050, 164
Trd, 000154.300, 159
Trd, 000166.670, 162
Trd, 000171.350, 161
Trd, 000180.100, 171.0
Trd, 000180.270, 189.0
Trd, 000180.350, 166
Trd, 000180.500, 156.0
Trd, 000181.120, 155.0
Trd, 000181.220, 165
Trd, 000181.340, 156
Trd, 000181.480, 164
Trd, 000181.590, 165
Trd, 000182.760, 164
Trd, 000182.960, 166
Trd, 000184.730, 164
Trd, 000195.100, 160
Trd, 000210.310, 164
Trd, 000210.680, 164
Trd, 000211.080, 161
Trd, 000211.090, 160
Trd, 000211.210, 164
Trd, 000211.320, 159
Trd, 000211.750, 163
Trd, 000213.090, 164.0
Trd, 000213.500, 161
Trd, 000214.180, 164
Trd, 000234.850, 163
Trd, 000236.600, 161
Trd, 000236.640, 162
Trd, 000240.150, 163
Trd, 000240.310, 162
Trd, 000240.360, 157
Trd, 000240.530, 155.0
Trd, 000240.570, 142
Trd, 000240.620, 165
Trd, 000240.910, 159
Trd, 000241.460, 153
Trd, 000243.160, 160
Trd, 000243.480, 160
Trd, 000245.530, 162
Trd, 000252.490, 164.0
Trd, 000258.600, 161
Trd, 000260.280, 156.0
Trd, 000261.450, 151.0
Trd, 000270.170, 155.0
Trd, 000270.210, 200.0
Trd, 000270.460, 131.0
Trd, 000270.470, 150
Trd, 000270.710, 160
Trd, 000271.210, 153
Trd, 000271.240, 155
Trd, 000271.480, 163
Trd, 000272.690, 152.0
Trd, 000276.390, 158
Trd, 000277.280, 160
Trd, 000277.750, 164.0
Trd, 000280.670, 171.0
Trd, 000285.600, 171
Trd, 000300.220, 200.0
Trd, 000300.250, 189.0
Trd, 000300.750, 167
Trd, 000300.880, 166
Trd, 000301.180, 164.0
Trd, 000301.860, 162
Trd, 000302.390, 156.0
Trd, 000304.170, 154
Trd, 000304.330, 159
Trd, 000304.590, 161
Trd, 000305.790, 160
Trd, 000306.320, 161
Trd, 000313.190, 162
Trd, 000325.320, 151.0
Trd, 000326.400, 171.0
Trd, 000328.100, 165
Trd, 000330.330, 143
Trd, 000330.460, 164
Trd, 000330.550, 141
Trd, 000330.670, 151.0
Trd, 000330.860, 152
Trd, 000330.950, 161
Trd, 000331.250, 155.0
Trd, 000331.280, 162
Trd, 000331.640, 164.0
Trd, 000331.700, 172
Trd, 000332.020, 165
Trd, 000332.220, 175.0
Trd, 000332.560, 152.0
Trd, 000333.230, 169
Trd, 000335.550, 158
Trd, 000340.580, 154
Trd, 000346.200, 153
Trd, 000360.270, 131.0
Trd, 000360.310, 135
Trd, 000360.350, 152.0
Trd, 000361.140, 164.0
Trd, 000361.570, 155.0
Trd, 000361.700, 171.0
Trd, 000363.250, 162
Trd, 000364.130, 162
Trd, 000366.290, 160
Trd, 000366.880, 156
Trd, 000368.190, 160
Trd, 000371.250, 159
Trd, 000378.060, 159
Trd, 000390.260, 200.0
Trd, 000390.510, 178
Trd, 000390.730, 156.0
Trd, 000390.810, 152.0
Trd, 000390.930, 151
Trd, 000391.130, 154
Trd, 000391.200, 139
Trd, 000391.340, 155.0
Trd, 000392.140, 160
Trd, 000393.160, 161
Trd, 000394.600, 161
Trd, 000396.920, 162
Trd, 000402.110, 166
Trd, 000418.590, 171.0
Trd, 000420.450, 156.0
Trd, 000420.720, 164
Trd, 000420.910, 164.0
Trd, 000421.110, 161
Trd, 000421.120, 154
Trd, 000421.360, 164
Trd, 000421.780, 155.0
Trd, 000421.810, 157
Trd, 000422.170, 157
Trd, 000422.700, 158
Trd, 000423.200, 159
Trd, 000424.430, 160
Trd, 000428.900, 171.0
Trd, 000429.760, 157
Trd, 000450.510, 135.0
Trd, 000450.560, 147
Trd, 000450.880, 146
Trd, 000451.060, 152.0
Trd, 000451.080, 155.0
Trd, 000451.310, 161
Trd, 000451.570, 153
Trd, 000452.010, 160
Trd, 000452.030, 163
Trd, 000452.780, 159
Trd, 000453.360, 162
Trd, 000459.870, 164.0
Trd, 000475.480, 167
Trd, 000479.660, 166
Trd, 000480.580, 131.0
Trd, 000480.650, 135.0
Trd, 000480.780, 152.0
Trd, 000481.210, 159
Trd, 000481.340, 160
Trd, 000482.340, 156
Trd, 000482.820, 158
Trd, 000483.490, 159
Trd, 000483.880, 159
Trd, 000488.090, 157
Trd, 000493.260, 156.0
Trd, 000506.300, 162
Trd, 000508.250, 164.0
Trd, 000510.370, 172
Trd, 000510.520, 161
Trd, 000510.650, 200.0
Trd, 000510.690, 182.0
Trd, 000510.930, 167
Trd, 000510.980, 156
Trd, 000511.130, 175.0
Trd, 000511.500, 174
Trd, 000513.580, 169
Trd, 000513.610, 163
Trd, 000514.720, 169
Trd, 000518.800, 167
Trd, 000535.310, 156.0
Trd, 000540.550, 182.0
Trd, 000540.560, 160
Trd, 000540.610, 200.0
Trd, 000540.760, 175
Trd, 000541.580, 159
Trd, 000542.700, 164.0
Trd, 000543.370, 158
Trd, 000543.570, 161
Trd, 000545.590, 156.0
Trd, 000545.770, 159
Trd, 000546.260, 157
Trd, 000546.650, 157
Trd, 000550.070, 158
Trd, 000551.690, 156
Trd, 000567.610, 159
Trd, 000570.580, 156
Trd, 000570.760, 155
Trd, 000570.910, 159
Trd, 000570.920, 154
Trd, 000571.520, 154
Trd, 000571.750, 154
Trd, 000571.840, 155.0
Trd, 000572.360, 157
Trd, 000573.290, 158
Trd, 000573.300, 156.0
Trd, 000574.030, 160
Trd, 000576.680, 155
Trd, 000600.370, 189.0
Trd, 000600.570, 160
Trd, 000600.870, 157
Trd, 000601.080, 156.0
Trd, 000601.520, 152.0
Trd, 000601.600, 153
Trd, 000602.010, 155.0
Trd, 000603.750, 153
Trd, 000604.490, 157
Trd, 000604.580, 158
Trd, 000610.350, 162
Trd, 000630.690, 155.0
Trd, 000630.830, 160
Trd, 000631.010, 156.0
Trd, 000631.080, 155
Trd, 000631.640, 158
Trd, 000633.110, 155
Trd, 000633.520, 157
Trd, 000633.940, 158
Trd, 000634.770, 158
Trd, 000634.990, 161
Trd, 000654.620, 162
Trd, 000657.830, 164.0
Trd, 000660.440, 178.0
Trd, 000660.670, 141
Trd, 000661.190, 166
Trd, 000661.360, 156.0
Trd, 000661.490, 165
Trd, 000661.920, 163
Trd, 000662.000, 163
Trd, 000662.010, 155
Trd, 000662.220, 164
Trd, 000663.600, 160
Trd, 000667.060, 164
Trd, 000668.360, 164.0
Trd, 000673.530, 164
Trd, 000686.370, 171.0
Trd, 000690.530, 141
Trd, 000690.690, 139
Trd, 000690.910, 151.0
Trd, 000690.980, 152.0
Trd, 000691.180, 153
Trd, 000691.350, 156.0
Trd, 000691.460, 164.0
Trd, 000691.770, 152
Trd, 000692.580, 163
Trd, 000693.620, 155.0
Trd, 000694.760, 161
Trd, 000696.080, 162
Trd, 000704.930, 171.0
Trd, 000707.870, 166
Trd, 000711.100, 163
Trd, 000714.810, 170
Trd, 000720.460, 189.0
Trd, 000720.740, 135.0
Trd, 000720.860, 152.0
Trd, 000720.950, 155.0
Trd, 000721.160, 151
Trd, 000721.500, 156.0
Trd, 000721.630, 152
Trd, 000722.670, 156
Trd, 000724.220, 154
Trd, 000725.030, 156
Trd, 000725.570, 158
Trd, 000726.650, 152
Trd, 000728.580, 160
Trd, 000730.840, 164.0
Trd, 000734.540, 171.0
Trd, 000750.490, 131.0
Trd, 000750.840, 171.0
Trd, 000751.100, 156.0
Trd, 000752.380, 155.0
Trd, 000752.910, 152.0
Trd, 000754.330, 163
Trd, 000756.810, 157
Trd, 000757.820, 157
Trd, 000759.050, 157
Trd, 000759.600, 157
Trd, 000760.190, 158
Trd, 000761.750, 157
Trd, 000763.900, 163
Trd, 000773.620, 164.0
Trd, 000780.620, 174
Trd, 000780.730, 151.0
Trd, 000780.860, 167
Trd, 000781.060, 149
Trd, 000781.080, 169
Trd, 000781.970, 160
Trd, 000781.980, 162
Trd, 000782.090, 160
Trd, 000782.410, 162
Trd, 000782.610, 156.0
Trd, 000783.390, 162
Trd, 000783.640, 153
Trd, 000783.750, 164.0
Trd, 000788.480, 167
Trd, 000791.510, 171.0
Trd, 000792.310, 149
Trd, 000811.040, 162
Trd, 000811.140, 156.0
Trd, 000811.480, 161
Trd, 000811.780, 162
Trd, 000811.890, 161
Trd, 000811.970, 156
Trd, 000815.560, 160
Trd, 000815.670, 156
Trd, 000818.080, 158
Trd, 000819.860, 158
Trd, 000826.090, 158
Trd, 000828.180, 155
Trd, 000832.970, 164.0
Trd, 000833.060, 151.0
Trd, 000840.870, 160
Trd, 000841.050, 162
Trd, 000841.400, 160
Trd, 000841.470, 159
Trd, 000841.820, 155.0
Trd, 000841.910, 154
Trd, 000842.340, 158
Trd, 000843.550, 158
Trd, 000843.880, 159
Trd, 000846.450, 158
Trd, 000849.400, 156
Trd, 000859.370, 160
Trd, 000868.600, 156.0
Trd, 000870.890, 155.0
Trd, 000870.970, 161
Trd, 000871.010, 151.0
Trd, 000871.170, 159
Trd, 000871.310, 161
Trd, 000871.780, 156.0
Trd, 000872.490, 160
Trd, 000873.620, 156
Trd, 000873.780, 162
Trd, 000874.150, 160
Trd, 000878.660, 163
Trd, 000885.780, 164.0
Trd, 000899.010, 162
Trd, 000901.010, 162
Trd, 000901.300, 160
Trd, 000901.310, 163
Trd, 000901.330, 160
Trd, 000901.400, 163
Trd, 000901.790, 158
Trd, 000902.190, 164.0
Trd, 000902.730, 171.0
Trd, 000907.970, 175
Trd, 000915.880, 156
Trd, 000922.050, 168
Trd, 000926.200, 169
Trd, 000930.620, 169
Trd, 000930.660, 161
Trd, 000931.080, 170
Trd, 000931.300, 156.0
Trd, 000931.400, 142
Trd, 000931.420, 164.0
Trd, 000931.670, 175.0
Trd, 000932.260, 155
Trd, 000934.800, 160
Trd, 000934.880, 171.0
Trd, 000938.240, 177
Trd, 000945.250, 171
Trd, 000946.880, 166
Trd, 000949.910, 151.0
Trd, 000960.640, 149
Trd, 000960.760, 189.0
Trd, 000961.160, 152.0
Trd, 000961.190, 150
Trd, 000961.350, 171.0
Trd, 000961.390, 155.0
Trd, 000961.980, 168
Trd, 000962.460, 151.0
Trd, 000962.900, 170
Trd, 000966.640, 160
Trd, 000972.600, 158
Trd, 000977.140, 169
Trd, 000978.290, 164
Trd, 000979.760, 162
Trd, 000985.060, 163
Trd, 000990.660, 155.0
Trd, 000990.750, 143
Trd, 000990.840, 152.0
Trd, 000991.170, 164
Trd, 000991.190, 171.0
Trd, 000991.300, 156.0
Trd, 000991.530, 155
Trd, 000992.130, 157
Trd, 000993.080, 155
Trd, 000993.610, 154
Trd, 000995.050, 160
Trd, 000997.670, 162
Trd, 000997.760, 151.0
Trd, 001001.150, 164.0
Trd, 001020.840, 159
Trd, 001021.220, 164.0
Trd, 001021.330, 161
Trd, 001021.490, 160
Trd, 001021.530, 164
Trd, 001021.650, 164
Trd, 001022.320, 159
Trd, 001022.430, 159
Trd, 001022.770, 171.0
Trd, 001023.750, 164
Trd, 001032.870, 162
Trd, 001039.840, 160
Trd, 001042.550, 158
Trd, 001043.300, 156.0
Trd, 001047.730, 159
Trd, 001050.870, 156.0
Trd, 001050.990, 155
Trd, 001051.040, 151.0
Trd, 001051.280, 160
Trd, 001051.470, 159
Trd, 001051.540, 162
Trd, 001051.670, 160
Trd, 001051.770, 157
Trd, 001053.550, 160
Trd, 001053.670, 160
Trd, 001055.040, 160
Trd, 001055.530, 161
Trd, 001059.520, 164.0
Trd, 001062.860, 156
Trd, 001079.610, 157
Trd, 001080.770, 131.0
Trd, 001080.920, 160
Trd, 001081.070, 156.0
Trd, 001081.260, 159
Trd, 001081.310, 153
Trd, 001082.010, 154
Trd, 001082.530, 153
Trd, 001082.800, 154
Trd, 001083.910, 157
Trd, 001086.950, 158
Trd, 001087.890, 160
Trd, 001088.080, 162
Trd, 001088.560, 164.0
Trd, 001089.130, 152
Trd, 001093.280, 151.0
Trd, 001111.000, 161
Trd, 001111.050, 157
Trd, 001111.210, 161
Trd, 001111.560, 158
Trd, 001112.000, 160
Trd, 001112.180, 162
Trd, 001112.210, 163
Trd, 001112.450, 156.0
Trd, 001113.520, 158
Trd, 001114.160, 164.0
Trd, 001114.910, 156
Trd, 001115.690, 152
Trd, 001117.320, 151.0
Trd, 001117.750, 155
Trd, 001118.760, 167
Trd, 001140.770, 152.0
Trd, 001140.970, 189.0
Trd, 001141.080, 192.0
Trd, 001141.420, 182.0
Trd, 001141.850, 156.0
Trd, 001141.920, 155
Trd, 001142.470, 162
Trd, 001142.790, 160
Trd, 001143.460, 162
Trd, 001143.850, 151.0
Trd, 001144.760, 155
Trd, 001145.260, 160
Trd, 001145.940, 161
Trd, 001146.410, 164
Trd, 001147.450, 157
Trd, 001162.160, 164.0
Trd, 001170.760, 182.0
Trd, 001170.800, 189.0
Trd, 001171.120, 134
Trd, 001171.340, 171
Trd, 001171.670, 156.0
Trd, 001172.510, 163
Trd, 001173.960, 168
Trd, 001180.550, 166
Trd, 001187.200, 167
Trd, 001189.940, 165
Trd, 001190.020, 163
Trd, 001194.220, 163
Trd, 001200.020, 162
Trd, 001200.800, 155.0
Trd, 001201.020, 171.0
Trd, 001201.050, 158
Trd, 001201.280, 189.0
Trd, 001202.750, 182.0
Trd, 001203.150, 174
Trd, 001204.160, 172
Trd, 001204.390, 161
Trd, 001204.860, 178.0
Trd, 001205.830, 160
Trd, 001224.350, 158
Trd, 001229.700, 159
Trd, 001230.980, 159
Trd, 001230.990, 157
Trd, 001231.080, 135.0
Trd, 001231.100, 175.0
Trd, 001231.370, 156.0
Trd, 001231.510, 157
Trd, 001231.730, 171.0
Trd, 001231.810, 152
Trd, 001232.970, 164
Trd, 001235.580, 160
Trd, 001236.390, 161
Trd, 001237.180, 164.0
Trd, 001237.920, 165
Trd, 001239.250, 166
Trd, 001246.640, 151.0
Trd, 001253.320, 168
Trd, 001260.960, 156.0
Trd, 001261.200, 160
Trd, 001261.290, 164.0
Trd, 001261.400, 159
Trd, 001261.530, 161
Trd, 001262.010, 156
Trd, 001262.270, 161
Trd, 001262.330, 162
Trd, 001263.250, 156
Trd, 001264.140, 163
Trd, 001265.360, 160
Trd, 001271.020, 162
Trd, 001276.570, 166
Trd, 001282.070, 158
Trd, 001284.250, 155
Trd, 001285.430, 151.0
Trd, 001290.850, 175.0
Trd, 001290.940, 159
Trd, 001291.010, 164.0
Trd, 001291.350, 156
Trd, 001291.440, 155.0
Trd, 001291.830, 153
Trd, 001292.100, 151
Trd, 001292.220, 142
Trd, 001292.660, 151
Trd, 001292.860, 155
Trd, 001293.810, 161
Trd, 001294.060, 163
Trd, 001320.280, 162
Trd, 001320.810, 171.0
Trd, 001320.930, 131.0
Trd, 001321.690, 135.0
Trd, 001321.750, 140
Trd, 001321.930, 153
Trd, 001322.070, 152.0
Trd, 001322.260, 155.0
Trd, 001322.910, 158
Trd, 001322.930, 164
Trd, 001324.570, 162
Trd, 001324.710, 161
Trd, 001324.770, 162
Trd, 001326.370, 164.0
Trd, 001329.320, 156.0
Trd, 001351.560, 163
Trd, 001351.590, 160
Trd, 001351.880, 164.0
Trd, 001351.990, 159
Trd, 001352.100, 164
Trd, 001352.330, 165
Trd, 001352.370, 157
Trd, 001353.060, 156.0
Trd, 001353.360, 165
Trd, 001353.690, 171.0
Trd, 001355.270, 170
Trd, 001379.320, 167
Trd, 001380.970, 167
Trd, 001381.040, 171.0
Trd, 001381.320, 135.0
Trd, 001381.360, 152.0
Trd, 001381.370, 172
Trd, 001381.980, 160
Trd, 001382.140, 156
Trd, 001382.520, 154
Trd, 001382.700, 155.0
Trd, 001383.060, 153
Trd, 001383.120, 160
Trd, 001383.800, 156.0
Trd, 001384.760, 162
Trd, 001386.030, 164.0
Trd, 001399.720, 157
Trd, 001404.890, 164
Trd, 001410.970, 140
Trd, 001411.070, 155
Trd, 001411.200, 161
Trd, 001411.720, 156.0
Trd, 001411.810, 157
Trd, 001411.830, 154
Trd, 001412.170, 155.0
Trd, 001412.230, 160
Trd, 001413.480, 152
Trd, 001413.650, 157
Trd, 001414.180, 153
Trd, 001414.540, 163
Trd, 001416.030, 164.0
Trd, 001420.730, 152
Trd, 001422.520, 151.0
Trd, 001435.780, 171.0
Trd, 001440.940, 148
Trd, 001440.960, 156
Trd, 001441.350, 152.0
Trd, 001441.450, 155
Trd, 001441.740, 155.0
Trd, 001441.780, 155
Trd, 001442.050, 156
Trd, 001442.070, 161
Trd, 001442.110, 161
Trd, 001443.600, 162
Trd, 001444.510, 163
Trd, 001445.360, 164.0
Trd, 001447.170, 160
Trd, 001471.110, 162
Trd, 001471.200, 151.0
Trd, 001471.270, 164.0
Trd, 001471.430, 155
Trd, 001471.480, 164
Trd, 001471.680, 163
Trd, 001472.030, 154
Trd, 001472.570, 159
Trd, 001472.990, 164
Trd, 001474.330, 156.0
Trd, 001476.090, 155
Trd, 001478.500, 161
Trd, 001479.590, 162
Trd, 001485.280, 171.0
Trd, 001497.780, 172
Trd, 001501.130, 131
Trd, 001501.290, 152.0
Trd, 001501.340, 163
Trd, 001501.370, 154
Trd, 001501.570, 158
Trd, 001501.720, 155.0
Trd, 001501.890, 160
Trd, 001502.090, 161
Trd, 001503.250, 158
Trd, 001512.650, 156.0
Trd, 001516.570, 160
Trd, 001522.090, 160
Trd, 001531.220, 156
Trd, 001531.580, 156.0
Trd, 001531.630, 161
Trd, 001531.640, 161
Trd, 001532.110, 154
Trd, 001532.310, 160
Trd, 001532.330, 162
Trd, 001532.490, 162
Trd, 001532.590, 162
Trd, 001533.780, 159
Trd, 001533.840, 164.0
Trd, 001534.610, 154
Trd, 001536.220, 164
Trd, 001553.080, 151.0
Trd, 001558.210, 171.0
Trd, 001561.390, 158
Trd, 001561.700, 157
Trd, 001561.920, 156.0
Trd, 001562.240, 164.0
Trd, 001562.280, 164
Trd, 001562.630, 164
Trd, 001562.680, 162
Trd, 001563.010, 162
Trd, 001563.450, 161
Trd, 001564.790, 152
Trd, 001566.650, 151.0
Trd, 001566.910, 162
Trd, 001567.410, 162
Trd, 001576.260, 154
Trd, 001591.070, 172
Trd, 001591.240, 171.0
Trd, 001591.380, 168
Trd, 001591.390, 164
Trd, 001591.700, 162
Trd, 001591.750, 158
Trd, 001592.110, 160
Trd, 001592.610, 155.0
Trd, 001592.740, 156.0
Trd, 001592.950, 151.0
Trd, 001593.190, 158
Trd, 001593.990, 151
Trd, 001594.480, 162
Trd, 001595.120, 162
Trd, 001614.100, 162
Trd, 001619.440, 148
Trd, 001621.140, 200.0
Trd, 001621.200, 187
Trd, 001621.340, 138
Trd, 001621.660, 155
Trd, 001622.160, 160
Trd, 001622.230, 156.0
Trd, 001622.270, 164.0
Trd, 001622.730, 151.0
Trd, 001622.870, 163
Trd, 001625.920, 159
Trd, 001626.070, 159
Trd, 001629.940, 153
Trd, 001635.050, 157
Trd, 001651.310, 155.0
Trd, 001651.450, 156.0
Trd, 001651.480, 159
Trd, 001651.630, 151.0
Trd, 001652.190, 159
Trd, 001652.590, 155
Trd, 001653.230, 159
Trd, 001653.260, 158
Trd, 001653.590, 160
Trd, 001654.700, 160
Trd, 001655.250, 162
Trd, 001666.390, 158
Trd, 001673.010, 155
Trd, 001673.600, 155
Trd, 001674.940, 157
Trd, 001677.950, 157
Trd, 001681.710, 156
Trd, 001681.780, 156.0
Trd, 001682.000, 160
Trd, 001682.010, 161
Trd, 001682.540, 155
Trd, 001682.990, 161
Trd, 001684.540, 161
Trd, 001684.680, 164.0
Trd, 001685.340, 164
Trd, 001686.700, 156
Trd, 001687.240, 158
Trd, 001691.130, 160
Trd, 001693.090, 160
Trd, 001693.420, 168
Trd, 001704.510, 156
Trd, 001711.110, 131.0
Trd, 001711.350, 135.0
Trd, 001711.600, 152
Trd, 001712.190, 155.0
Trd, 001712.860, 164.0
Trd, 001713.470, 171.0
Trd, 001713.540, 170
Trd, 001720.100, 164
Trd, 001721.610, 162
Trd, 001722.790, 163
Trd, 001726.960, 160
Trd, 001732.210, 162
Trd, 001733.800, 158
Trd, 001741.250, 175.0
Trd, 001741.420, 184
Trd, 001741.500, 158
Trd, 001741.630, 176
Trd, 001741.980, 164.0
Trd, 001742.020, 159
Trd, 001742.180, 159
Trd, 001742.580, 170
Trd, 001742.680, 170
Trd, 001742.780, 156.0
Trd, 001744.910, 165
Trd, 001746.010, 161
Trd, 001749.800, 159
Trd, 001750.750, 160
Trd, 001754.980, 159
Trd, 001755.320, 171.0
Trd, 001771.270, 164.0
Trd, 001771.400, 158
Trd, 001771.780, 157
Trd, 001772.010, 165
Trd, 001772.030, 165
Trd, 001772.340, 156.0
Trd, 001773.710, 162
Trd, 001774.110, 162
Trd, 001774.550, 158
Trd, 001775.200, 162
Trd, 001776.840, 158
Trd, 001778.370, 161
Trd, 001779.700, 162
Trd, 001801.220, 154
Trd, 001801.230, 164.0
Trd, 001801.350, 158
Trd, 001801.510, 161
Trd, 001801.640, 156.0
Trd, 001801.800, 163
Trd, 001801.920, 155.0
Trd, 001802.390, 164
Trd, 001802.810, 157
Trd, 001802.940, 160
Trd, 001803.180, 160
Trd, 001808.480, 163
Trd, 001808.630, 162
Trd, 001812.210, 171.0
Trd, 001831.420, 182.0
Trd, 001831.550, 173
Trd, 001831.750, 175
Trd, 001831.770, 162
Trd, 001831.980, 156.0
Trd, 001832.820, 155.0
Trd, 001833.280, 161
Trd, 001833.530, 157
Trd, 001834.820, 158
Trd, 001834.880, 151.0
Trd, 001835.050, 158
Trd, 001837.700, 161
Trd, 001842.780, 162
Trd, 001845.990, 164.0
Trd, 001853.900, 161
Trd, 001854.680, 171.0
Trd, 001861.250, 168
Trd, 001861.470, 135.0
Trd, 001861.680, 137
Trd, 001861.710, 155.0
Trd, 001861.880, 155
Trd, 001862.020, 152.0
Trd, 001862.240, 150
Trd, 001862.610, 160
Trd, 001862.960, 160
Trd, 001864.390, 151.0
Trd, 001866.180, 162
Trd, 001875.300, 159
Trd, 001882.640, 164.0
Trd, 001891.530, 160
Trd, 001892.010, 160
Trd, 001892.240, 161
Trd, 001892.310, 162
Trd, 001892.390, 158
Trd, 001892.550, 162
Trd, 001892.640, 156.0
Trd, 001892.730, 163
Trd, 001892.800, 164.0
Trd, 001893.240, 161
Trd, 001895.990, 164
Trd, 001896.950, 161
Trd, 001898.270, 163
Trd, 001912.420, 167
Trd, 001921.390, 171.0
Trd, 001921.510, 166
Trd, 001921.720, 160
Trd, 001921.760, 169
Trd, 001922.320, 158
Trd, 001922.430, 164.0
Trd, 001922.790, 166
Trd, 001922.890, 172
Trd, 001923.040, 156.0
Trd, 001923.350, 151.0
Trd, 001923.620, 162
Trd, 001923.970, 166
Trd, 001925.970, 164
Trd, 001934.640, 166
Trd, 001939.270, 162
Trd, 001951.360, 162
Trd, 001951.400, 140
Trd, 001951.600, 160
Trd, 001951.800, 156.0
Trd, 001951.820, 161
Trd, 001952.070, 151.0
Trd, 001952.180, 160
Trd, 001952.190, 162
Trd, 001952.590, 154
Trd, 001953.390, 161
Trd, 001953.980, 156
Trd, 001954.120, 164.0
Trd, 001954.970, 171.0
Trd, 001955.770, 157
Trd, 001956.020, 172
Trd, 001981.360, 152
Trd, 001981.460, 153
Trd, 001981.630, 155.0
Trd, 001981.800, 151
Trd, 001981.970, 152.0
Trd, 001982.070, 151.0
Trd, 001983.020, 170
Trd, 001983.390, 166
Trd, 001989.170, 160
Trd, 001991.300, 161
Trd, 001993.590, 161
Trd, 002011.330, 196
Trd, 002011.590, 141
Trd, 002011.640, 153
Trd, 002011.800, 155.0
Trd, 002011.970, 162
Trd, 002012.250, 159
Trd, 002012.270, 164.0
Trd, 002012.340, 164
Trd, 002013.040, 163
Trd, 002018.480, 162
Trd, 002022.730, 161
Trd, 002024.200, 160
Trd, 002025.210, 159
Trd, 002029.970, 171.0
Trd, 002041.570, 156.0
Trd, 002041.980, 155.0
Trd, 002042.100, 160
Trd, 002042.350, 159
Trd, 002042.550, 156
Trd, 002043.110, 159
Trd, 002043.320, 160
Trd, 002043.810, 160
Trd, 002044.180, 157
Trd, 002044.690, 162
Trd, 002045.820, 162
Trd, 002047.950, 157
Trd, 002048.770, 164.0
Trd, 002057.250, 171.0
Trd, 002059.890, 155
Trd, 002071.720, 163
Trd, 002071.880, 163
Trd, 002072.270, 163
Trd, 002072.290, 159
Trd, 002073.150, 158
Trd, 002073.340, 158
Trd, 002073.660, 156.0
Trd, 002073.880, 164
Trd, 002076.870, 162
Trd, 002079.250, 160
Trd, 002080.010, 162
Trd, 002081.430, 164.0
Trd, 002085.440, 171.0
Trd, 002094.210, 151.0
Trd, 002101.490, 155
Trd, 002101.590, 163
Trd, 002101.790, 161
Trd, 002102.040, 158
Trd, 002102.410, 157
Trd, 002102.600, 156.0
Trd, 002103.040, 160
Trd, 002103.210, 154
Trd, 002103.690, 161
Trd, 002104.060, 161
Trd, 002107.830, 162
Trd, 002108.950, 159
Trd, 002113.740, 164.0
Trd, 002131.420, 172
Trd, 002131.440, 166
Trd, 002131.630, 152.0
Trd, 002131.770, 155.0
Trd, 002132.150, 154
Trd, 002132.730, 142
Trd, 002132.760, 156
Trd, 002132.800, 156
Trd, 002133.190, 162
Trd, 002133.290, 164.0
Trd, 002133.350, 170
Trd, 002133.860, 171.0
Trd, 002134.710, 175.0
Trd, 002155.190, 159
Trd, 002161.570, 156.0
Trd, 002161.800, 157
Trd, 002161.940, 162
Trd, 002162.100, 156
Trd, 002162.180, 152.0
Trd, 002162.200, 163
Trd, 002162.230, 163
Trd, 002163.110, 160
Trd, 002163.840, 154
Trd, 002164.510, 163
Trd, 002168.040, 164.0
Trd, 002168.470, 163
Trd, 002172.170, 161
Trd, 002191.440, 172
Trd, 002191.490, 149
Trd, 002191.550, 146
Trd, 002191.620, 131.0
Trd, 002191.630, 155.0
Trd, 002191.640, 155
Trd, 002192.290, 165
Trd, 002192.400, 156.0
Trd, 002193.410, 153
Trd, 002196.690, 157
Trd, 002196.740, 164
Trd, 002199.020, 156
Trd, 002201.980, 151.0
Trd, 002202.910, 164.0
Trd, 002221.480, 155
Trd, 002221.670, 156.0
Trd, 002221.910, 150
Trd, 002222.020, 152.0
Trd, 002222.130, 153
Trd, 002222.260, 155.0
Trd, 002222.490, 163
Trd, 002222.540, 165
Trd, 002223.190, 161
Trd, 002223.200, 171.0
Trd, 002229.190, 160
Trd, 002230.390, 162
Trd, 002236.830, 154
Trd, 002251.550, 160
Trd, 002251.600, 160
Trd, 002251.760, 164.0
Trd, 002251.790, 161
Trd, 002252.230, 156.0
Trd, 002252.510, 151.0
Trd, 002253.700, 153
Trd, 002255.070, 161
Trd, 002255.180, 161
Trd, 002257.520, 159
Trd, 002258.040, 156
Trd, 002258.270, 160
Trd, 002265.530, 162
Trd, 002267.340, 159
Trd, 002270.270, 156
Trd, 002276.200, 171.0
Trd, 002281.510, 152.0
Trd, 002281.810, 156
Trd, 002282.030, 159
Trd, 002282.060, 169
Trd, 002282.270, 166
Trd, 002282.710, 155
Trd, 002283.750, 162
Trd, 002283.950, 158
Trd, 002284.090, 157
Trd, 002285.500, 156.0
Trd, 002294.900, 163
Trd, 002298.510, 163
Trd, 002301.890, 151
Trd, 002311.420, 164.0
Trd, 002311.570, 165
Trd, 002311.680, 178
Trd, 002311.740, 157
Trd, 002311.820, 156.0
Trd, 002312.460, 166
Trd, 002313.040, 162
Trd, 002313.420, 168
Trd, 002313.680, 152
Trd, 002316.660, 160
Trd, 002318.240, 161
Trd, 002325.480, 156
Trd, 002326.190, 156
Trd, 002340.490, 154
Trd, 002341.680, 156
Trd, 002341.760, 156
Trd, 002341.770, 157
Trd, 002341.950, 156.0
Trd, 002342.430, 157
Trd, 002342.460, 155
Trd, 002342.580, 162
Trd, 002343.430, 161
Trd, 002343.570, 163
Trd, 002343.590, 156
Trd, 002345.510, 164.0
Trd, 002346.480, 169
Trd, 002352.020, 151.0
Trd, 002371.450, 179
Trd, 002371.500, 156.0
Trd, 002371.980, 152.0
Trd, 002372.240, 152
Trd, 002372.290, 152
Trd, 002372.510, 151.0
Trd, 002372.950, 152
Trd, 002373.480, 161
Trd, 002373.500, 162
Trd, 002374.810, 158
Trd, 002376.320, 162
Trd, 002376.370, 150
Trd, 002380.950, 164.0
Trd, 002401.490, 131.0
Trd, 002401.570, 169
Trd, 002401.680, 155.0
Trd, 002402.000, 156
Trd, 002402.200, 158
Trd, 002402.530, 155
Trd, 002402.680, 157
Trd, 002402.970, 157
Trd, 002403.220, 156
Trd, 002403.260, 158
Trd, 002404.610, 160
Trd, 002408.990, 164.0
Trd, 002410.110, 156.0
Trd, 002415.250, 171.0
Trd, 002431.540, 176
Trd, 002431.600, 178
Trd, 002431.700, 154
Trd, 002431.840, 168
Trd, 002432.100, 160
Trd, 002432.350, 162
Trd, 002432.870, 164.0
Trd, 002432.910, 161
Trd, 002432.980, 164
Trd, 002433.630, 156.0
Trd, 002433.880, 152.0
Trd, 002434.240, 154
Trd, 002441.530, 171.0
Trd, 002442.410, 173
Trd, 002461.600, 178.0
Trd, 002461.700, 188
Trd, 002461.830, 200.0
Trd, 002462.360, 178
Trd, 002462.500, 165
Trd, 002462.530, 153
Trd, 002463.130, 170
Trd, 002463.610, 157
Trd, 002464.700, 156.0
Trd, 002464.930, 163
Trd, 002467.570, 158
Trd, 002468.280, 158
Trd, 002468.720, 151.0
Trd, 002469.470, 158
Trd, 002469.940, 162
Trd, 002471.100, 139
Trd, 002479.170, 162
Trd, 002491.510, 135.0
Trd, 002491.730, 171.0
Trd, 002491.820, 173
Trd, 002491.970, 167
Trd, 002492.320, 152
Trd, 002492.420, 167
Trd, 002492.870, 160
Trd, 002493.740, 158
Trd, 002493.910, 161
Trd, 002494.010, 162
Trd, 002495.120, 161
Trd, 002496.550, 159
Trd, 002497.570, 158
Trd, 002499.180, 172
Trd, 002509.780, 156.0
Trd, 002521.610, 160
Trd, 002521.640, 157
Trd, 002521.720, 173
Trd, 002521.740, 142
Trd, 002521.950, 178.0
Trd, 002522.190, 164.0
Trd, 002522.350, 159
Trd, 002523.180, 156.0
Trd, 002525.290, 161
Trd, 002526.070, 162
Trd, 002528.320, 160
Trd, 002529.540, 161
Trd, 002530.190, 161
Trd, 002530.360, 162
Trd, 002544.270, 155
Trd, 002551.530, 162
Trd, 002551.840, 163
Trd, 002551.870, 160
Trd, 002551.940, 163
Trd, 002552.210, 157
Trd, 002553.080, 163
Trd, 002553.220, 163
Trd, 002553.260, 163
Trd, 002553.440, 156.0
Trd, 002553.610, 156
Trd, 002555.040, 160
Trd, 002563.870, 164.0
Trd, 002570.420, 171.0
Trd, 002581.680, 135.0
Trd, 002581.740, 164
Trd, 002581.970, 154
Trd, 002582.210, 131.0
Trd, 002582.480, 168
Trd, 002582.720, 155.0
Trd, 002583.470, 154
Trd, 002583.830, 152
Trd, 002584.780, 152.0
Trd, 002584.910, 158
Trd, 002588.540, 162
Trd, 002599.670, 157
Trd, 002600.850, 164.0
Trd, 002611.580, 162
Trd, 002611.650, 177
Trd, 002611.950, 171.0
Trd, 002612.320, 158
Trd, 002612.970, 157
Trd, 002613.410, 159
Trd, 002613.460, 164.0
Trd, 002613.780, 162
Trd, 002614.020, 161
Trd, 002614.500, 161
Trd, 002617.880, 157
Trd, 002618.600, 158
Trd, 002618.610, 159
Trd, 002628.080, 157
Trd, 002641.710, 200.0
Trd, 002641.760, 182.0
Trd, 002641.940, 174
Trd, 002641.990, 175
Trd, 002642.000, 172
Trd, 002642.590, 160
Trd, 002644.640, 164.0
Trd, 002646.860, 166
Trd, 002649.490, 165
Trd, 002651.000, 162
Trd, 002652.680, 162
Trd, 002663.100, 158
Trd, 002671.620, 131.0
Trd, 002671.650, 152.0
Trd, 002671.740, 135.0
Trd, 002672.080, 164.0
Trd, 002672.200, 171.0
Trd, 002673.710, 166
Trd, 002674.110, 166
Trd, 002675.620, 162
Trd, 002675.780, 156.0
Trd, 002677.830, 160
Trd, 002678.080, 159
Trd, 002678.540, 160
Trd, 002681.700, 157
Trd, 002683.620, 159
Trd, 002688.550, 156
Trd, 002699.030, 162
Trd, 002701.700, 164
Trd, 002701.710, 155
Trd, 002702.000, 155
Trd, 002702.060, 162
Trd, 002702.580, 163
Trd, 002702.790, 162
Trd, 002704.690, 156.0
Trd, 002704.900, 163
Trd, 002706.040, 157
Trd, 002706.570, 163
Trd, 002706.880, 163
Trd, 002707.260, 151.0
Trd, 002708.690, 163
Trd, 002713.120, 153
Trd, 002723.680, 164.0
Trd, 002731.640, 172
Trd, 002731.940, 155
Trd, 002732.170, 161
Trd, 002732.270, 162
Trd, 002733.080, 159
Trd, 002733.110, 163
Trd, 002733.230, 156.0
Trd, 002733.480, 164.0
Trd, 002733.530, 156
Trd, 002735.960, 164
Trd, 002735.990, 155
Trd, 002747.850, 163
Trd, 002749.410, 162
Trd, 002752.670, 155
Trd, 002760.260, 162
Trd, 002761.590, 182.0
Trd, 002761.640, 155.0
Trd, 002761.680, 200.0
Trd, 002762.310, 160
Trd, 002762.620, 156.0
Trd, 002763.170, 154
Trd, 002763.360, 164
Trd, 002763.840, 163
Trd, 002765.530, 158
Trd, 002774.940, 157
Trd, 002779.670, 157
Trd, 002780.400, 156
Trd, 002791.860, 164
Trd, 002792.250, 160
Trd, 002792.280, 172
Trd, 002792.530, 183
Trd, 002792.610, 156.0
Trd, 002792.660, 155
Trd, 002792.710, 167
Trd, 002792.950, 156
Trd, 002793.000, 169
Trd, 002794.170, 163
Trd, 002805.330, 161
Trd, 002815.400, 151.0
Trd, 002821.620, 163
Trd, 002821.740, 182.0
Trd, 002822.360, 158
Trd, 002822.500, 152.0
Trd, 002822.820, 152
Trd, 002823.210, 160
Trd, 002823.650, 156.0
Trd, 002824.150, 155
Trd, 002824.910, 156
Trd, 002826.530, 160
Trd, 002827.080, 162
Trd, 002827.160, 158
Trd, 002832.620, 164.0
Trd, 002833.990, 171.0
Trd, 002851.930, 164
Trd, 002851.980, 160
Trd, 002852.040, 168
Trd, 002852.090, 156
Trd, 002852.200, 138
Trd, 002852.490, 164
Trd, 002852.680, 160
Trd, 002853.150, 164.0
Trd, 002853.740, 158
Trd, 002853.940, 167
Trd, 002854.940, 164
Trd, 002857.520, 157
Trd, 002857.530, 162
Trd, 002866.310, 156.0
Trd, 002881.720, 155.0
Trd, 002881.810, 152.0
Trd, 002882.010, 154
Trd, 002882.040, 159
Trd, 002882.060, 151.0
Trd, 002882.430, 157
Trd, 002882.730, 160
Trd, 002883.330, 154
Trd, 002883.840, 159
Trd, 002884.500, 162
Trd, 002884.940, 162
Trd, 002887.500, 164.0
Trd, 002888.090, 171.0
Trd, 002890.020, 156.0
Trd, 002905.080, 165
Trd, 002911.670, 164.0
Trd, 002911.750, 165
Trd, 002912.020, 160
Trd, 002912.600, 159
Trd, 002912.620, 157
Trd, 002912.650, 156.0
Trd, 002912.700, 164
Trd, 002912.830, 165
Trd, 002913.390, 161
Trd, 002913.600, 162
Trd, 002915.520, 158
Trd, 002917.600, 158
Trd, 002920.800, 162
Trd, 002941.730, 152.0
Trd, 002941.750, 171.0
Trd, 002942.000, 131.0
Trd, 002942.130, 139
Trd, 002942.210, 147
Trd, 002942.330, 149
Trd, 002942.820, 151
Trd, 002942.940, 155.0
Trd, 002943.290, 142
Trd, 002943.430, 163
Trd, 002947.870, 161
Trd, 002949.710, 163
Trd, 002960.700, 152
Trd, 002963.970, 164.0
Trd, 002971.790, 135.0
Trd, 002972.100, 156
Trd, 002972.180, 162
Trd, 002972.310, 165
Trd, 002972.700, 159
Trd, 002973.110, 154
Trd, 002973.630, 156.0
Trd, 002974.990, 157
Trd, 002979.270, 156
Trd, 002979.480, 155
Trd, 002980.970, 159
Trd, 002981.300, 158
Trd, 002985.610, 155
Trd, 002995.010, 151.0
Trd, 002997.050, 158
Trd, 002998.810, 164.0
Trd, 003001.750, 182.0
Trd, 003002.130, 158
Trd, 003002.190, 164.0
Trd, 003002.200, 156
Trd, 003002.240, 156.0
Trd, 003002.310, 165
Trd, 003002.600, 159
Trd, 003003.730, 162
Trd, 003004.100, 163
Trd, 003005.120, 161
Trd, 003005.450, 163
Trd, 003006.470, 161
Trd, 003012.080, 160
Trd, 003012.660, 162
Trd, 003017.420, 151.0
Trd, 003031.730, 163
Trd, 003031.800, 156.0
Trd, 003032.080, 164.0
Trd, 003032.160, 152.0
Trd, 003032.290, 178.0
Trd, 003032.850, 171.0
Trd, 003033.260, 164
Trd, 003034.050, 162
Trd, 003035.270, 165
Trd, 003038.450, 162
Trd, 003039.130, 162
Trd, 003039.630, 161
Trd, 003039.760, 161
Trd, 003039.830, 168
Trd, 003046.080, 158
Trd, 003054.680, 151.0
Trd, 003061.730, 159
Trd, 003061.790, 157
Trd, 003062.150, 156
Trd, 003062.220, 157
Trd, 003062.300, 171.0
Trd, 003062.540, 159
Trd, 003062.700, 156.0
Trd, 003062.960, 153
Trd, 003063.550, 164.0
Trd, 003064.520, 155.0
Trd, 003066.310, 158
Trd, 003069.000, 153
Trd, 003072.100, 160
Trd, 003072.710, 156
Trd, 003082.920, 174
Trd, 003091.710, 135.0
Trd, 003092.150, 164.0
Trd, 003092.250, 156.0
Trd, 003092.270, 170
Trd, 003093.210, 175.0
Trd, 003093.340, 173
Trd, 003093.790, 162
Trd, 003094.000, 172
Trd, 003094.350, 159
Trd, 003096.650, 172
Trd, 003099.150, 158
Trd, 003100.900, 159
Trd, 003102.050, 159
Trd, 003106.180, 158
Trd, 003106.820, 156
Trd, 003109.280, 142
Trd, 003121.790, 155.0
Trd, 003121.890, 155
Trd, 003121.900, 157
Trd, 003122.080, 152
Trd, 003122.780, 156.0
Trd, 003122.950, 158
Trd, 003123.160, 161
Trd, 003123.170, 164.0
Trd, 003123.690, 153
Trd, 003124.920, 158
Trd, 003132.790, 165
Trd, 003132.900, 151.0
Trd, 003134.340, 160
Trd, 003136.390, 152
Trd, 003140.120, 162
Trd, 003140.850, 162
Trd, 003152.470, 152.0
Trd, 003152.620, 154
Trd, 003152.700, 155
Trd, 003152.810, 151.0
Trd, 003152.840, 138
Trd, 003152.920, 154
Trd, 003153.770, 152
Trd, 003154.500, 155.0
Trd, 003156.080, 157
Trd, 003159.320, 158
Trd, 003160.660, 161
Trd, 003172.300, 162
Trd, 003174.180, 156
Trd, 003175.400, 149
Trd, 003177.130, 164.0
Trd, 003181.760, 178.0
Trd, 003181.900, 150
Trd, 003181.930, 164.0
Trd, 003182.120, 156.0
Trd, 003182.530, 155.0
Trd, 003182.690, 157
Trd, 003183.030, 155
Trd, 003183.180, 158
Trd, 003183.570, 162
Trd, 003184.020, 160
Trd, 003184.850, 152
Trd, 003185.100, 159
Trd, 003187.490, 162
Trd, 003211.720, 155.0
Trd, 003211.990, 200.0
Trd, 003212.160, 187
Trd, 003212.360, 160
Trd, 003212.790, 171.0
Trd, 003213.290, 182.0
Trd, 003213.820, 176
Trd, 003214.250, 186
Trd, 003215.660, 175.0
Trd, 003219.820, 165
Trd, 003226.340, 163
Trd, 003230.120, 160
Trd, 003232.600, 159
Trd, 003237.360, 159
Trd, 003241.740, 155.0
Trd, 003241.910, 178.0
Trd, 003242.070, 151.0
Trd, 003242.560, 175.0
Trd, 003242.640, 184
Trd, 003242.670, 160
Trd, 003243.300, 164.0
Trd, 003244.290, 161
Trd, 003245.320, 160
Trd, 003246.450, 158
Trd, 003248.660, 159
Trd, 003251.160, 159
Trd, 003254.720, 157
Trd, 003256.210, 156.0
Trd, 003260.100, 161
Trd, 003271.880, 155.0
Trd, 003272.180, 156
Trd, 003272.190, 155
Trd, 003272.310, 131.0
Trd, 003272.340, 171.0
Trd, 003272.460, 162
Trd, 003272.500, 167
Trd, 003272.660, 166
Trd, 003273.630, 159
Trd, 003274.110, 164
Trd, 003276.210, 164.0
Trd, 003276.740, 164
Trd, 003277.910, 156
Trd, 003290.910, 166
Trd, 003301.850, 135.0
Trd, 003302.080, 131.0
Trd, 003302.340, 157
Trd, 003302.400, 167
Trd, 003302.410, 171.0
Trd, 003302.420, 186
Trd, 003302.800, 172
Trd, 003302.870, 177
Trd, 003303.570, 173
Trd, 003304.390, 173
Trd, 003304.450, 175
Trd, 003307.680, 156.0
Trd, 003309.380, 164
Trd, 003312.560, 162
Trd, 003315.330, 163
Trd, 003331.890, 200.0
Trd, 003331.960, 184
Trd, 003332.040, 189.0
Trd, 003332.620, 156.0
Trd, 003332.840, 164.0
Trd, 003333.390, 156
Trd, 003334.080, 151.0
Trd, 003334.900, 160
Trd, 003335.120, 161
Trd, 003335.750, 161
Trd, 003336.630, 163
Trd, 003337.530, 165
Trd, 003339.090, 171.0
Trd, 003349.840, 162
Trd, 003352.130, 169
Trd, 003353.340, 173
Trd, 003362.090, 164.0
Trd, 003362.240, 158
Trd, 003362.270, 167
Trd, 003362.880, 169
Trd, 003363.030, 169
Trd, 003363.940, 162
Trd, 003365.070, 161
Trd, 003366.350, 156.0
Trd, 003368.750, 169
Trd, 003372.610, 164
Trd, 003381.310, 162
Trd, 003382.400, 163
Trd, 003383.550, 171.0
Trd, 003391.810, 152.0
Trd, 003391.890, 131.0
Trd, 003392.020, 155.0
Trd, 003392.030, 154
Trd, 003392.090, 153
Trd, 003392.200, 145
Trd, 003393.410, 154
Trd, 003394.420, 158
Trd, 003395.440, 151
Trd, 003396.020, 157
Trd, 003397.090, 161
Trd, 003398.530, 162
Trd, 003400.570, 164.0
Trd, 003408.350, 171.0
Trd, 003421.880, 140
Trd, 003421.910, 165
Trd, 003421.940, 131.0
Trd, 003422.020, 146
Trd, 003422.310, 155.0
Trd, 003423.100, 152.0
Trd, 003423.160, 164.0
Trd, 003423.630, 162
Trd, 003423.810, 163
Trd, 003424.700, 166
Trd, 003427.650, 162
Trd, 003427.960, 157
Trd, 003428.980, 154
Trd, 003439.040, 159
Trd, 003440.070, 171.0
Trd, 003451.870, 155.0
Trd, 003452.040, 187
Trd, 003452.140, 182.0
Trd, 003452.500, 189.0
Trd, 003452.610, 187
Trd, 003452.900, 192.0
Trd, 003454.030, 172
Trd, 003460.270, 166
Trd, 003462.980, 162
Trd, 003464.850, 160
Trd, 003464.890, 158
Trd, 003469.730, 159
Trd, 003471.900, 151.0
Trd, 003479.530, 157
Trd, 003481.980, 190
Trd, 003482.100, 157
Trd, 003482.150, 166
Trd, 003482.170, 155
Trd, 003482.880, 148
Trd, 003483.110, 151.0
Trd, 003483.990, 155.0
Trd, 003484.090, 159
Trd, 003484.530, 154
Trd, 003484.560, 142
Trd, 003484.680, 154
Trd, 003486.130, 164.0
Trd, 003496.590, 163
Trd, 003504.560, 158
Trd, 003505.690, 171.0
Trd, 003508.330, 158
Trd, 003512.100, 164
Trd, 003512.280, 164.0
Trd, 003512.480, 156
Trd, 003512.590, 156
Trd, 003512.920, 156
Trd, 003512.930, 155
Trd, 003513.510, 154
Trd, 003514.020, 155.0
Trd, 003514.100, 154
Trd, 003514.810, 159
Trd, 003515.870, 156.0
Trd, 003517.660, 160
Trd, 003535.560, 171.0
Trd, 003542.000, 182.0
Trd, 003542.260, 155.0
Trd, 003542.390, 164
Trd, 003542.530, 175.0
Trd, 003542.670, 164
Trd, 003543.140, 166
Trd, 003544.000, 161
Trd, 003544.370, 158
Trd, 003546.910, 165
Trd, 003548.090, 164
Trd, 003549.140, 165
Trd, 003556.780, 164
Trd, 003557.530, 156.0
Trd, 003571.840, 154
Trd, 003571.880, 164.0
Trd, 003572.010, 163
Trd, 003572.310, 156.0
Trd, 003572.530, 156
Trd, 003572.910, 151.0
Trd, 003573.040, 139
Trd, 003573.590, 146
Trd, 003573.660, 151
Trd, 003574.060, 163
Trd, 003574.410, 152.0
Trd, 003577.460, 158
Trd, 003578.090, 162
Trd, 003578.440, 171.0
Trd, 003579.300, 174
Trd, 003579.370, 175.0
Trd, 003601.910, 164.0
Trd, 003602.140, 182.0
Trd, 003602.190, 182
Trd, 003602.420, 162
Trd, 003602.460, 156.0
Trd, 003602.860, 151.0
Trd, 003603.570, 172
Trd, 003603.870, 173
Trd, 003603.950, 154
Trd, 003604.560, 173
Trd, 003606.880, 161
Trd, 003612.870, 171
Trd, 003614.210, 157
Trd, 003631.950, 182.0
Trd, 003631.990, 145
Trd, 003632.070, 152.0
Trd, 003632.430, 146
Trd, 003632.630, 144
Trd, 003633.090, 156
Trd, 003633.260, 160
Trd, 003633.330, 161
Trd, 003633.450, 155.0
Trd, 003635.180, 162
Trd, 003647.430, 157
Trd, 003651.460, 164.0
Trd, 003661.900, 162
Trd, 003662.000, 186
Trd, 003662.110, 182.0
Trd, 003662.410, 156.0
Trd, 003662.460, 184
Trd, 003662.750, 161
Trd, 003663.070, 161
Trd, 003663.180, 158
Trd, 003665.740, 171.0
Trd, 003668.910, 168
Trd, 003674.120, 166
Trd, 003674.890, 161
Trd, 003692.030, 160
Trd, 003692.110, 182.0
Trd, 003692.380, 156.0
Trd, 003692.440, 165
Trd, 003692.480, 162
Trd, 003692.610, 160
Trd, 003692.990, 142
Trd, 003693.410, 163
Trd, 003694.050, 165
Trd, 003699.390, 163
Trd, 003709.870, 160
Trd, 003710.200, 157
Trd, 003713.800, 159
Trd, 003715.610, 164.0
Trd, 003721.940, 131.0
Trd, 003722.000, 192.0
Trd, 003722.290, 189.0
Trd, 003722.310, 182.0
Trd, 003723.010, 164.0
Trd, 003723.070, 158
Trd, 003723.150, 158
Trd, 003723.230, 162
Trd, 003723.670, 156.0
Trd, 003725.770, 152.0
Trd, 003726.660, 154
Trd, 003726.700, 154
Trd, 003726.880, 158
Trd, 003752.010, 152.0
Trd, 003752.180, 131.0
Trd, 003752.290, 155.0
Trd, 003752.460, 156
Trd, 003752.510, 156
Trd, 003752.860, 156.0
Trd, 003753.190, 157
Trd, 003753.340, 158
Trd, 003753.780, 150
Trd, 003754.280, 158
Trd, 003754.980, 162
Trd, 003757.870, 162
Trd, 003760.410, 162
Trd, 003764.860, 161
Trd, 003782.130, 163
Trd, 003782.270, 163
Trd, 003782.300, 157
Trd, 003782.380, 157
Trd, 003782.500, 163
Trd, 003782.610, 164.0
Trd, 003782.770, 164
Trd, 003783.200, 156
Trd, 003783.860, 165
Trd, 003784.540, 151.0
Trd, 003786.610, 166
Trd, 003790.100, 156
Trd, 003791.760, 158
Trd, 003792.750, 171.0
Trd, 003805.060, 161
Trd, 003812.120, 161
Trd, 003812.200, 162
Trd, 003812.560, 159
Trd, 003812.980, 158
Trd, 003813.600, 161
Trd, 003813.760, 161
Trd, 003814.080, 157
Trd, 003814.110, 163
Trd, 003815.110, 156.0
Trd, 003815.610, 155
Trd, 003816.610, 162
Trd, 003816.780, 164.0
Trd, 003818.040, 171.0
Trd, 003827.100, 164
Trd, 003831.520, 151.0
Trd, 003835.480, 152
Trd, 003842.120, 155
Trd, 003842.150, 152
Trd, 003842.170, 165
Trd, 003842.350, 165
Trd, 003842.520, 156.0
Trd, 003842.740, 155.0
Trd, 003842.980, 154
Trd, 003843.400, 161
Trd, 003843.640, 162
Trd, 003843.730, 155
Trd, 003843.780, 164
Trd, 003843.870, 165
Trd, 003871.980, 182.0
Trd, 003872.560, 154
Trd, 003872.700, 155.0
Trd, 003872.930, 155
Trd, 003873.250, 156
Trd, 003873.290, 162
Trd, 003873.370, 164.0
Trd, 003873.810, 151.0
Trd, 003874.400, 156.0
Trd, 003875.630, 162
Trd, 003876.130, 163
Trd, 003876.800, 163
Trd, 003876.860, 171.0
Trd, 003880.420, 157
Trd, 003902.030, 164
Trd, 003902.190, 166
Trd, 003902.200, 156.0
Trd, 003902.250, 172
Trd, 003902.380, 182.0
Trd, 003902.390, 163
Trd, 003902.490, 176
Trd, 003902.580, 154
Trd, 003902.680, 150
Trd, 003903.760, 160
Trd, 003904.640, 161
Trd, 003905.080, 161
Trd, 003910.650, 161
Trd, 003914.540, 158
Trd, 003917.470, 161
Trd, 003932.180, 152.0
Trd, 003932.230, 171.0
Trd, 003932.490, 157
Trd, 003932.830, 178.0
Trd, 003933.180, 170
Trd, 003933.850, 180
Trd, 003934.440, 192.0
Trd, 003934.990, 168
Trd, 003938.840, 175.0
Trd, 003939.830, 158
Trd, 003951.060, 156.0
Trd, 003953.860, 151.0
Trd, 003956.310, 164
Trd, 003956.930, 163
Trd, 003957.530, 166
Trd, 003962.090, 182.0
Trd, 003962.130, 175
Trd, 003962.220, 164.0
Trd, 003962.440, 153
Trd, 003962.700, 157
Trd, 003962.910, 159
Trd, 003962.980, 155.0
Trd, 003963.360, 155
Trd, 003964.100, 154
Trd, 003964.150, 151.0
Trd, 003964.160, 158
Trd, 003964.410, 160
Trd, 003965.310, 162
Trd, 003970.780, 166
Trd, 003971.310, 156.0
Trd, 003975.440, 145
Trd, 003992.110, 189.0
Trd, 003992.130, 182.0
Trd, 003992.250, 156.0
Trd, 003992.510, 166
Trd, 003992.620, 152.0
Trd, 003992.760, 168
Trd, 003993.110, 170
Trd, 003993.210, 157
Trd, 003993.440, 157
Trd, 003996.560, 155
Trd, 004000.720, 156
Trd, 004001.450, 153
Trd, 004001.720, 154.0
Trd, 004001.770, 156.0
Trd, 004004.280, 158
Trd, 004016.340, 161
Trd, 004016.390, 161.0
Trd, 004022.030, 142
Trd, 004022.150, 155
Trd, 004022.180, 153
Trd, 004022.300, 158
Trd, 004022.310, 156.0
Trd, 004022.420, 160
Trd, 004023.070, 154
Trd, 004023.160, 153
Trd, 004023.450, 155.0
Trd, 004023.540, 158
Trd, 004023.990, 157
Trd, 004024.820, 157
Trd, 004025.030, 158
Trd, 004026.750, 161.0
Trd, 004030.100, 162
Trd, 004043.070, 164.0
Trd, 004052.120, 131.0
Trd, 004052.280, 182
Trd, 004052.470, 154
Trd, 004052.620, 149
Trd, 004052.750, 143
Trd, 004052.840, 144
Trd, 004052.880, 155
Trd, 004052.910, 160
Trd, 004053.240, 153
Trd, 004053.350, 155.0
Trd, 004053.440, 159
Trd, 004054.180, 151
Trd, 004054.390, 156.0
Trd, 004054.570, 158.0
Trd, 004055.000, 161.0
Trd, 004057.900, 164.0
Trd, 004059.200, 165.0
Trd, 004074.950, 151.0
Trd, 004082.090, 135.0
Trd, 004082.330, 134
Trd, 004082.520, 143
Trd, 004082.560, 147.0
Trd, 004082.830, 149.0
Trd, 004082.880, 149.0
Trd, 004083.010, 152.0
Trd, 004083.200, 152
Trd, 004083.210, 155.0
Trd, 004083.220, 162
Trd, 004083.310, 162
Trd, 004084.020, 161
Trd, 004084.640, 163
Trd, 004085.330, 161
Trd, 004086.500, 163
Trd, 004086.550, 164.0
Trd, 004104.680, 164
Trd, 004106.280, 161
Trd, 004112.100, 155.0
Trd, 004112.260, 200.0
Trd, 004112.410, 182.0
Trd, 004112.660, 171.0
Trd, 004112.890, 156.0
Trd, 004113.000, 166.0
Trd, 004113.870, 159
Trd, 004114.160, 158
Trd, 004114.410, 157
Trd, 004114.500, 155
Trd, 004114.880, 144
Trd, 004115.210, 152.0
Trd, 004116.150, 150
Trd, 004116.280, 151
Trd, 004116.610, 159
Trd, 004117.070, 160
Trd, 004118.210, 161.0
Trd, 004121.880, 151.0
Trd, 004122.810, 162
Trd, 004142.170, 148
Trd, 004142.400, 131.0
Trd, 004142.420, 132
Trd, 004142.540, 152
Trd, 004142.660, 151.0
Trd, 004142.670, 158.0
Trd, 004143.580, 155.0
Trd, 004143.630, 150
Trd, 004143.910, 152.0
Trd, 004144.310, 161.0
Trd, 004145.310, 156.0
Trd, 004145.840, 158
Trd, 004146.990, 158
Trd, 004147.900, 157
Trd, 004154.300, 158
Trd, 004156.420, 161
Trd, 004169.900, 162
Trd, 004172.400, 156.0
Trd, 004172.720, 158
Trd, 004172.750, 158
Trd, 004172.990, 158
Trd, 004173.080, 159
Trd, 004173.200, 160
Trd, 004173.240, 157.0
Trd, 004173.420, 158
Trd, 004173.440, 156
Trd, 004173.910, 153
Trd, 004175.150, 158
Trd, 004179.150, 160
Trd, 004179.930, 159
Trd, 004180.440, 160
Trd, 004182.770, 161.0
Trd, 004183.520, 157
Trd, 004202.060, 200.0
Trd, 004202.220, 135.0
Trd, 004202.340, 143
Trd, 004202.620, 149.0
Trd, 004202.710, 149.0
Trd, 004202.860, 139
Trd, 004202.980, 151.0
Trd, 004203.000, 152.0
Trd, 004203.040, 153
Trd, 004203.070, 155.0
Trd, 004203.230, 163
Trd, 004203.790, 164.0
Trd, 004204.320, 159
Trd, 004206.350, 161
Trd, 004206.810, 158
Trd, 004211.920, 160
Trd, 004218.510, 161
Trd, 004232.170, 153
Trd, 004232.300, 152.0
Trd, 004232.380, 150
Trd, 004232.510, 149
Trd, 004232.530, 158
Trd, 004232.670, 135.0
Trd, 004232.720, 147.0
Trd, 004232.800, 161.0
Trd, 004233.250, 152
Trd, 004233.430, 153
Trd, 004234.260, 153
Trd, 004235.270, 152.0
Trd, 004237.450, 155.0
Trd, 004238.720, 160
Trd, 004240.240, 162
Trd, 004241.440, 164.0
Trd, 004251.230, 163
Trd, 004262.280, 159.0
Trd, 004262.300, 160
Trd, 004262.460, 162
Trd, 004262.480, 156.0
Trd, 004262.550, 156
Trd, 004262.690, 163
Trd, 004262.910, 172.0
Trd, 004263.720, 158.0
Trd, 004263.870, 158
Trd, 004264.010, 155
Trd, 004264.600, 156
Trd, 004265.360, 158
Trd, 004265.450, 154.0
Trd, 004265.850, 160
Trd, 004270.030, 155
Trd, 004277.580, 159
Trd, 004278.400, 161.0
Trd, 004283.780, 164.0
Trd, 004292.220, 144.0
Trd, 004292.380, 147.0
Trd, 004292.530, 141
Trd, 004292.690, 135
Trd, 004292.860, 148.0
Trd, 004293.020, 152.0
Trd, 004293.400, 150
Trd, 004293.420, 152
Trd, 004293.840, 151
Trd, 004294.210, 146
Trd, 004294.390, 155.0
Trd, 004294.500, 158
Trd, 004294.570, 161.0
Trd, 004298.950, 161
Trd, 004298.970, 162
Trd, 004300.700, 164.0
Trd, 004304.810, 163
Trd, 004322.180, 161
Trd, 004322.240, 158
Trd, 004322.360, 157
Trd, 004322.760, 159
Trd, 004322.800, 160
Trd, 004322.860, 161.0
Trd, 004322.980, 156.0
Trd, 004323.340, 161
Trd, 004323.570, 155
Trd, 004323.630, 155.0
Trd, 004324.090, 153
Trd, 004324.940, 155
Trd, 004325.100, 156
Trd, 004326.040, 159
Trd, 004326.370, 160
Trd, 004336.270, 162
Trd, 004339.680, 164.0
Trd, 004352.140, 130
Trd, 004352.150, 161
Trd, 004352.300, 155.0
Trd, 004352.350, 162
Trd, 004352.500, 154
Trd, 004352.760, 152
Trd, 004352.870, 154
Trd, 004352.880, 153
Trd, 004353.090, 151.0
Trd, 004353.820, 154
Trd, 004354.120, 155.0
Trd, 004354.260, 158
Trd, 004354.870, 157
Trd, 004354.880, 160
Trd, 004355.540, 161.0
Trd, 004365.430, 162
Trd, 004382.190, 158
Trd, 004382.260, 161
Trd, 004382.400, 153
Trd, 004382.460, 161
Trd, 004382.490, 161
Trd, 004382.740, 161
Trd, 004383.030, 161
Trd, 004383.170, 157
Trd, 004383.710, 156
Trd, 004383.740, 160
Trd, 004384.500, 156.0
Trd, 004386.190, 155
Trd, 004387.560, 160
Trd, 004396.820, 161.0
Trd, 004399.600, 155
Trd, 004408.840, 162
Trd, 004412.310, 131.0
Trd, 004412.460, 155.0
Trd, 004412.500, 161
Trd, 004412.730, 156.0
Trd, 004412.810, 155.0
Trd, 004412.850, 158
Trd, 004413.280, 155.0
Trd, 004413.320, 159
Trd, 004413.390, 151.0
Trd, 004414.050, 154
Trd, 004414.120, 153
Trd, 004414.380, 150
Trd, 004417.810, 154
Trd, 004419.030, 160
Trd, 004423.120, 161.0
Trd, 004430.830, 144
Trd, 004440.670, 162
Trd, 004442.230, 164.0
Trd, 004442.290, 178.0
Trd, 004442.310, 161
Trd, 004442.320, 188
Trd, 004442.570, 171.0
Trd, 004442.680, 156.0
Trd, 004442.960, 158
Trd, 004443.230, 152
Trd, 004443.310, 146
Trd, 004443.410, 151
Trd, 004443.670, 158
Trd, 004444.190, 147.0
Trd, 004445.350, 147
Trd, 004445.720, 147
Trd, 004449.260, 149
Trd, 004449.300, 152
Trd, 004460.120, 160
Trd, 004460.350, 161.0
Trd, 004466.960, 162
Trd, 004472.320, 135
Trd, 004472.820, 156
Trd, 004473.270, 152.0
Trd, 004473.610, 151.0
Trd, 004473.660, 153
Trd, 004473.770, 154
Trd, 004473.830, 155
Trd, 004473.890, 160
Trd, 004473.910, 150
Trd, 004474.310, 161.0
Trd, 004474.620, 154
Trd, 004476.370, 152
Trd, 004476.450, 155.0
Trd, 004477.260, 155
Trd, 004478.590, 158
Trd, 004479.550, 151
Trd, 004482.550, 162
Trd, 004486.480, 164.0
Trd, 004502.200, 155.0
Trd, 004502.280, 156
Trd, 004502.380, 154
Trd, 004502.630, 156
Trd, 004502.800, 156
Trd, 004503.180, 156
Trd, 004503.340, 157
Trd, 004503.390, 153
Trd, 004503.430, 161.0
Trd, 004503.740, 151.0
Trd, 004504.290, 147
Trd, 004504.530, 156.0
Trd, 004507.130, 151
Trd, 004507.300, 159
Trd, 004511.560, 162
Trd, 004513.490, 163
Trd, 004520.050, 164.0
Trd, 004524.790, 165.0
Trd, 004532.310, 168
Trd, 004532.500, 160
Trd, 004532.650, 161.0
Trd, 004532.720, 157
Trd, 004532.810, 157
Trd, 004533.420, 156
Trd, 004533.680, 151.0
Trd, 004534.100, 152
Trd, 004534.760, 152
Trd, 004535.460, 148
Trd, 004535.520, 151
Trd, 004535.770, 152.0
Trd, 004535.980, 159
Trd, 004537.590, 156.0
Trd, 004537.810, 153
Trd, 004550.880, 160
Trd, 004554.830, 158
Trd, 004561.020, 161
Trd, 004562.260, 131
Trd, 004562.350, 162
Trd, 004562.430, 152
Trd, 004562.510, 151
Trd, 004562.730, 149.0
Trd, 004562.800, 148
Trd, 004563.040, 150
Trd, 004563.050, 155.0
Trd, 004563.210, 164.0
Trd, 004563.290, 165.0
Trd, 004563.640, 158
Trd, 004564.430, 156.0
Trd, 004566.000, 158
Trd, 004571.770, 158
Trd, 004574.030, 154
Trd, 004575.330, 160
Trd, 004579.210, 160
Trd, 004592.300, 152
Trd, 004592.450, 151
Trd, 004592.780, 156
Trd, 004592.790, 157
Trd, 004592.970, 152.0
Trd, 004593.000, 155
Trd, 004593.180, 155
Trd, 004593.330, 155
Trd, 004593.810, 155.0
Trd, 004593.940, 158
Trd, 004593.960, 153
Trd, 004594.010, 160
Trd, 004594.100, 151.0
Trd, 004594.480, 150
Trd, 004594.850, 161.0
Trd, 004595.720, 162
Trd, 004599.030, 160
Trd, 004602.570, 142
Trd, 004622.250, 175.0
Trd, 004622.480, 155
Trd, 004622.570, 160
Trd, 004622.740, 152.0
Trd, 004622.860, 151
Trd, 004622.890, 152
Trd, 004622.930, 153
Trd, 004623.110, 151.0
Trd, 004623.220, 153
Trd, 004623.390, 155.0
Trd, 004623.570, 142
Trd, 004623.720, 153
Trd, 004625.710, 153
Trd, 004627.510, 159
Trd, 004628.180, 155
Trd, 004633.290, 149
Trd, 004634.360, 160
Trd, 004652.260, 200.0
Trd, 004652.370, 155.0
Trd, 004652.560, 152.0
Trd, 004652.600, 158
Trd, 004652.640, 154
Trd, 004652.650, 151
Trd, 004652.850, 154.0
Trd, 004653.370, 145
Trd, 004653.650, 161.0
Trd, 004653.700, 161
Trd, 004653.990, 157
Trd, 004654.660, 162
Trd, 004654.820, 162
Trd, 004655.380, 155
Trd, 004655.890, 163
Trd, 004656.260, 164.0
Trd, 004659.850, 151.0
Trd, 004668.680, 142
Trd, 004679.150, 165.0
Trd, 004682.230, 164
Trd, 004682.390, 145
Trd, 004682.530, 149
Trd, 004682.550, 143
Trd, 004682.840, 134
Trd, 004682.960, 155.0
Trd, 004683.120, 152
Trd, 004683.220, 156
Trd, 004683.450, 159
Trd, 004683.740, 156
Trd, 004684.030, 156.0
Trd, 004686.000, 158
Trd, 004686.240, 160
Trd, 004687.160, 161.0
Trd, 004687.770, 162
Trd, 004700.750, 164.0
Trd, 004712.420, 155
Trd, 004712.440, 155
Trd, 004712.480, 151.0
Trd, 004712.500, 161.0
Trd, 004712.890, 155.0
Trd, 004713.040, 152.0
Trd, 004713.180, 155
Trd, 004713.240, 156
Trd, 004713.310, 156.0
Trd, 004713.470, 151
Trd, 004713.730, 157
Trd, 004714.120, 161
Trd, 004714.490, 156
Trd, 004714.850, 162
Trd, 004719.690, 158
Trd, 004735.880, 160
Trd, 004740.890, 164.0
Trd, 004742.240, 164.0
Trd, 004742.290, 155
Trd, 004742.600, 156.0
Trd, 004742.840, 177
Trd, 004743.070, 154
Trd, 004743.090, 151.0
Trd, 004743.130, 155.0
Trd, 004743.340, 151
Trd, 004743.590, 155.0
Trd, 004743.880, 154
Trd, 004744.460, 152.0
Trd, 004745.740, 153
Trd, 004746.170, 153
Trd, 004747.090, 158
Trd, 004750.840, 145
Trd, 004751.450, 161.0
Trd, 004758.570, 162
Trd, 004761.540, 164
Trd, 004772.380, 131.0
Trd, 004772.400, 148.0
Trd, 004772.610, 137.0
Trd, 004772.900, 147.0
Trd, 004773.230, 152.0
Trd, 004773.270, 145
Trd, 004773.530, 153
Trd, 004774.510, 155.0
Trd, 004774.830, 157
Trd, 004775.430, 159
Trd, 004778.500, 158
Trd, 004782.010, 158
Trd, 004787.010, 159
Trd, 004787.380, 160
Trd, 004787.790, 161.0
Trd, 004792.530, 162
Trd, 004802.390, 155.0
Trd, 004802.470, 165.0
Trd, 004802.610, 160
Trd, 004802.890, 148.0
Trd, 004803.050, 142
Trd, 004803.120, 152.0
Trd, 004803.260, 141.0
Trd, 004803.350, 153
Trd, 004803.540, 152
Trd, 004803.750, 155
Trd, 004803.840, 155
Trd, 004804.100, 158
Trd, 004804.260, 151.0
Trd, 004810.500, 159
Trd, 004813.420, 159
Trd, 004832.320, 144
Trd, 004832.760, 159
Trd, 004832.800, 164.0
Trd, 004832.820, 152
Trd, 004833.160, 171.0
Trd, 004833.230, 152
Trd, 004833.360, 175.0
Trd, 004833.450, 161.0
Trd, 004833.770, 151.0
Trd, 004833.790, 165.0
Trd, 004834.210, 156.0
Trd, 004834.800, 155.0
Trd, 004835.440, 151
Trd, 004835.760, 154
Trd, 004835.900, 159
Trd, 004841.050, 156
Trd, 004842.770, 155
Trd, 004849.680, 161
Trd, 004862.310, 182.0
Trd, 004862.510, 165
Trd, 004862.530, 171
Trd, 004862.740, 142
Trd, 004862.750, 148.0
Trd, 004862.800, 158
Trd, 004863.060, 162
Trd, 004863.080, 172
Trd, 004863.220, 171.0
Trd, 004864.170, 157
Trd, 004864.770, 160
Trd, 004866.870, 160
Trd, 004870.420, 161.0
Trd, 004872.730, 160
Trd, 004874.010, 159
Trd, 004876.710, 157
Trd, 004884.580, 160
Trd, 004892.350, 161
Trd, 004892.370, 200.0
Trd, 004892.440, 189.0
Trd, 004892.700, 164.0
Trd, 004892.740, 155
Trd, 004892.850, 161.0
Trd, 004892.870, 151.0
Trd, 004892.930, 150
Trd, 004893.200, 148.0
Trd, 004893.460, 149
Trd, 004893.470, 150.0
Trd, 004893.500, 154
Trd, 004893.710, 155.0
Trd, 004895.040, 155
Trd, 004902.540, 157
Trd, 004902.910, 158
Trd, 004903.220, 151
Trd, 004918.460, 162
Trd, 004922.330, 164.0
Trd, 004922.490, 163
Trd, 004922.620, 160
Trd, 004922.710, 155
Trd, 004922.830, 163
Trd, 004922.990, 159
Trd, 004923.160, 156.0
Trd, 004923.530, 152.0
Trd, 004923.630, 151.0
Trd, 004924.230, 152
Trd, 004924.330, 160
Trd, 004924.990, 156
Trd, 004925.370, 156
Trd, 004925.980, 152
Trd, 004926.890, 158
Trd, 004930.340, 161.0
Trd, 004933.980, 152
Trd, 004947.720, 162
Trd, 004952.350, 189.0
Trd, 004952.560, 147.0
Trd, 004952.690, 146
Trd, 004952.810, 144
Trd, 004952.980, 152.0
Trd, 004953.010, 155
Trd, 004953.100, 150
Trd, 004953.220, 155.0
Trd, 004953.310, 156
Trd, 004953.690, 152
Trd, 004953.720, 151.0
Trd, 004954.030, 161.0
Trd, 004955.930, 156.0
Trd, 004958.130, 162
Trd, 004958.640, 164.0
Trd, 004962.300, 165.0
Trd, 004982.420, 131.0
Trd, 004982.580, 143
Trd, 004982.630, 147.0
Trd, 004982.690, 145
Trd, 004982.730, 158
Trd, 004982.830, 153
Trd, 004983.060, 154
Trd, 004983.080, 151.0
Trd, 004983.550, 152.0
Trd, 004983.820, 150
Trd, 004983.900, 155.0
Trd, 004984.200, 156
Trd, 004984.620, 161.0
Trd, 004984.680, 149
Trd, 004984.870, 162
Trd, 004986.500, 161
Trd, 004986.960, 164.0
Trd, 004996.820, 155
