Trd, 000030.040, 139
Trd, 000030.150, 94
Trd, 000030.180, 100
Trd, 000030.240, 102.0
Trd, 000030.390, 155.0
Trd, 000030.550, 125
Trd, 000030.570, 159.0
Trd, 000030.680, 147.0
Trd, 000030.720, 147
Trd, 000030.820, 158.0
Trd, 000030.920, 162.0
Trd, 000031.340, 129
Trd, 000032.010, 148
Trd, 000032.490, 153
Trd, 000032.940, 136
Trd, 000033.310, 142
Trd, 000034.700, 140
Trd, 000037.370, 156
Trd, 000052.950, 131.0
Trd, 000060.270, 148
Trd, 000060.330, 145
Trd, 000060.680, 141.0
Trd, 000060.760, 137
Trd, 000060.860, 147.0
Trd, 000061.230, 141
Trd, 000061.290, 143
Trd, 000061.310, 141
Trd, 000061.330, 143
Trd, 000062.690, 141
Trd, 000063.940, 138
Trd, 000064.320, 141
Trd, 000064.800, 144
Trd, 000064.850, 132.0
Trd, 000069.130, 150
Trd, 000069.840, 149
Trd, 000071.680, 150
Trd, 000072.100, 154.0
Trd, 000084.620, 158.0
Trd, 000090.130, 115.0
Trd, 000090.270, 148
Trd, 000090.430, 147.0
Trd, 000090.530, 141
Trd, 000090.880, 143
Trd, 000090.890, 159.0
Trd, 000091.000, 160.0
Trd, 000091.620, 144
Trd, 000091.780, 143
Trd, 000093.030, 154.0
Trd, 000093.150, 144
Trd, 000093.170, 159
Trd, 000094.700, 149
Trd, 000096.800, 148
Trd, 000097.660, 153
Trd, 000098.700, 156
Trd, 000099.360, 142.0
Trd, 000103.720, 138
Trd, 000111.060, 146
Trd, 000116.710, 131.0
Trd, 000120.210, 146
Trd, 000120.510, 170.0
Trd, 000120.730, 158
Trd, 000120.940, 142.0
Trd, 000121.340, 156
Trd, 000121.790, 153.0
Trd, 000122.200, 142
Trd, 000122.530, 153
Trd, 000123.670, 147
Trd, 000124.280, 154
Trd, 000124.380, 159.0
Trd, 000125.960, 147
Trd, 000126.620, 157
Trd, 000133.710, 155
Trd, 000136.300, 151
Trd, 000138.710, 150
Trd, 000139.950, 146
Trd, 000150.180, 169
Trd, 000150.610, 142.0
Trd, 000150.910, 132
Trd, 000151.010, 142
Trd, 000151.090, 137
Trd, 000151.140, 121
Trd, 000151.310, 124
Trd, 000151.550, 143
Trd, 000151.970, 143
Trd, 000152.040, 143
Trd, 000152.310, 143
Trd, 000155.800, 139
Trd, 000156.250, 143
Trd, 000156.440, 155.0
Trd, 000157.200, 147
Trd, 000157.320, 159.0
Trd, 000157.520, 160.0
Trd, 000158.520, 166
Trd, 000162.510, 146
Trd, 000163.600, 130.0
Trd, 000164.260, 171
Trd, 000169.980, 141
Trd, 000180.150, 75.0
Trd, 000180.190, 102.0
Trd, 000180.260, 118
Trd, 000180.300, 149
Trd, 000180.310, 153
Trd, 000180.760, 153.0
Trd, 000180.790, 159.0
Trd, 000181.590, 148
Trd, 000181.660, 145
Trd, 000181.920, 144
Trd, 000182.030, 158
Trd, 000183.160, 147
Trd, 000185.060, 141.0
Trd, 000185.340, 149
Trd, 000185.410, 149
Trd, 000187.660, 135
Trd, 000187.910, 153
Trd, 000188.420, 160.0
Trd, 000210.300, 170.0
Trd, 000210.460, 156
Trd, 000210.520, 159.0
Trd, 000210.560, 160.0
Trd, 000210.580, 135
Trd, 000210.590, 133
Trd, 000210.640, 132.0
Trd, 000211.840, 147.0
Trd, 000211.870, 148
Trd, 000212.300, 146
Trd, 000212.900, 147
Trd, 000213.230, 148
Trd, 000213.740, 152
Trd, 000214.230, 146
Trd, 000214.650, 154.0
Trd, 000214.870, 144
Trd, 000216.230, 140.0
Trd, 000216.270, 161.0
Trd, 000219.030, 157
Trd, 000240.170, 104.0
Trd, 000240.290, 115.0
Trd, 000240.580, 167
Trd, 000240.740, 141
Trd, 000241.270, 155.0
Trd, 000241.350, 159.0
Trd, 000241.410, 147
Trd, 000242.590, 154
Trd, 000242.680, 153
Trd, 000244.310, 160.0
Trd, 000245.690, 163
Trd, 000246.520, 153
Trd, 000249.420, 146.0
Trd, 000250.820, 156
Trd, 000251.810, 158
Trd, 000253.740, 164
Trd, 000267.950, 143
Trd, 000269.680, 141.0
Trd, 000270.230, 158.0
Trd, 000270.290, 147
Trd, 000270.330, 158
Trd, 000270.420, 140
Trd, 000270.660, 147.0
Trd, 000270.880, 158
Trd, 000271.090, 142
Trd, 000272.070, 156
Trd, 000272.650, 150
Trd, 000274.940, 155.0
Trd, 000275.510, 156
Trd, 000279.000, 150
Trd, 000282.090, 156
Trd, 000283.940, 159.0
Trd, 000284.840, 140.0
Trd, 000288.040, 152
Trd, 000288.100, 130.0
Trd, 000291.800, 153
Trd, 000298.870, 140
Trd, 000300.260, 147
Trd, 000300.490, 140
Trd, 000300.530, 126
Trd, 000300.650, 134
Trd, 000300.870, 145.0
Trd, 000300.970, 140
Trd, 000301.210, 139
Trd, 000301.420, 146
Trd, 000301.480, 119
Trd, 000302.110, 147
Trd, 000302.280, 154.0
Trd, 000302.700, 155
Trd, 000303.020, 158.0
Trd, 000304.090, 158.0
Trd, 000309.590, 149
Trd, 000311.830, 142
Trd, 000316.690, 159
Trd, 000322.520, 161.0
Trd, 000330.250, 97
Trd, 000330.700, 158
Trd, 000330.710, 145.0
Trd, 000330.790, 143
Trd, 000330.940, 155.0
Trd, 000331.080, 153
Trd, 000331.210, 155
Trd, 000331.470, 152
Trd, 000331.550, 145
Trd, 000332.090, 143
Trd, 000332.370, 154
Trd, 000336.150, 145
Trd, 000336.420, 153
Trd, 000337.350, 153
Trd, 000341.380, 160.0
Trd, 000342.470, 140.0
Trd, 000348.590, 141
Trd, 000351.030, 153
Trd, 000360.230, 159.0
Trd, 000360.290, 154
Trd, 000360.390, 152
Trd, 000360.950, 149
Trd, 000361.060, 146.0
Trd, 000361.200, 144
Trd, 000361.320, 153.0
Trd, 000361.740, 160.0
Trd, 000362.320, 150
Trd, 000363.090, 158
Trd, 000364.230, 151
Trd, 000365.850, 152
Trd, 000366.330, 160.0
Trd, 000369.940, 150
Trd, 000375.270, 158
Trd, 000385.440, 141.0
Trd, 000390.330, 145
Trd, 000390.370, 132.0
Trd, 000390.670, 143
Trd, 000390.790, 141
Trd, 000390.930, 154.0
Trd, 000391.010, 137
Trd, 000391.170, 145
Trd, 000391.240, 150
Trd, 000391.530, 147
Trd, 000391.730, 147
Trd, 000391.990, 147
Trd, 000392.290, 158.0
Trd, 000394.250, 156
Trd, 000394.290, 142
Trd, 000394.520, 160.0
Trd, 000395.890, 137
Trd, 000399.430, 160
Trd, 000404.120, 143
Trd, 000404.840, 165
Trd, 000408.490, 130.0
Trd, 000410.020, 125
Trd, 000420.250, 76.0
Trd, 000420.450, 138
Trd, 000420.960, 159.0
Trd, 000421.010, 146
Trd, 000421.270, 160.0
Trd, 000421.410, 146
Trd, 000421.700, 146
Trd, 000421.740, 146.0
Trd, 000422.890, 151
Trd, 000423.150, 161.0
Trd, 000427.000, 157
Trd, 000427.360, 159
Trd, 000427.650, 158
Trd, 000428.120, 151
Trd, 000431.480, 158
Trd, 000432.700, 142.0
Trd, 000432.710, 158
Trd, 000436.910, 137
Trd, 000440.700, 155
Trd, 000450.420, 149
Trd, 000450.450, 153
Trd, 000450.490, 130.0
Trd, 000450.850, 154
Trd, 000450.900, 141
Trd, 000451.450, 139
Trd, 000451.470, 135
Trd, 000451.940, 149
Trd, 000452.120, 154.0
Trd, 000452.770, 158
Trd, 000453.880, 153
Trd, 000454.620, 160.0
Trd, 000457.660, 158
Trd, 000459.430, 161.0
Trd, 000461.870, 153
Trd, 000463.290, 147
Trd, 000465.320, 146.0
Trd, 000472.670, 143
Trd, 000480.430, 151
Trd, 000480.610, 150
Trd, 000480.820, 149
Trd, 000480.900, 148
Trd, 000480.990, 152
Trd, 000481.950, 147.0
Trd, 000481.980, 152
Trd, 000482.010, 152
Trd, 000482.110, 146
Trd, 000482.460, 145
Trd, 000483.890, 152
Trd, 000486.420, 151
Trd, 000486.910, 148
Trd, 000487.310, 153.0
Trd, 000487.860, 140.0
Trd, 000490.320, 137
Trd, 000491.630, 159.0
Trd, 000492.670, 160.0
Trd, 000495.000, 132.0
Trd, 000510.330, 168.0
Trd, 000510.530, 140
Trd, 000510.550, 147
Trd, 000510.570, 121
Trd, 000510.650, 160.0
Trd, 000510.800, 155.0
Trd, 000511.090, 137
Trd, 000511.210, 137
Trd, 000511.310, 132.0
Trd, 000511.900, 144
Trd, 000512.760, 141.0
Trd, 000513.220, 142
Trd, 000513.450, 143
Trd, 000514.510, 145.0
Trd, 000514.530, 139
Trd, 000516.340, 144
Trd, 000516.720, 140
Trd, 000517.700, 146
Trd, 000521.530, 144
Trd, 000531.700, 161.0
Trd, 000533.360, 135
Trd, 000535.410, 163
Trd, 000540.440, 169.0
Trd, 000540.450, 151
Trd, 000540.580, 149
Trd, 000540.590, 156
Trd, 000540.940, 150
Trd, 000540.960, 140.0
Trd, 000541.160, 151
Trd, 000541.620, 145.0
Trd, 000541.750, 149
Trd, 000542.850, 150
Trd, 000543.640, 149
Trd, 000544.900, 155.0
Trd, 000544.960, 145
Trd, 000546.730, 139
Trd, 000548.640, 158.0
Trd, 000549.350, 157
Trd, 000553.670, 161.0
Trd, 000555.290, 164
Trd, 000561.380, 137
Trd, 000570.400, 161.0
Trd, 000570.440, 142
Trd, 000570.770, 149
Trd, 000570.820, 159.0
Trd, 000571.150, 156
Trd, 000571.670, 152
Trd, 000571.810, 152
Trd, 000571.930, 158
Trd, 000572.180, 151
Trd, 000572.220, 146.0
Trd, 000572.710, 158
Trd, 000573.460, 155.0
Trd, 000573.600, 154
Trd, 000574.440, 145
Trd, 000580.940, 141.0
Trd, 000580.960, 134
Trd, 000586.590, 149
Trd, 000589.750, 153
Trd, 000596.540, 160.0
Trd, 000600.560, 147
Trd, 000600.570, 152
Trd, 000600.930, 145
Trd, 000601.070, 149
Trd, 000601.140, 141
Trd, 000601.300, 140.0
Trd, 000601.530, 131
Trd, 000601.680, 151
Trd, 000601.740, 159.0
Trd, 000601.790, 145.0
Trd, 000602.130, 130
Trd, 000602.410, 153.0
Trd, 000602.670, 150
Trd, 000604.340, 151
Trd, 000606.960, 150
Trd, 000607.520, 149
Trd, 000608.070, 146
Trd, 000614.280, 142
Trd, 000615.840, 132.0
Trd, 000619.670, 155
Trd, 000630.530, 159.0
Trd, 000630.690, 148
Trd, 000630.800, 153
Trd, 000630.920, 147
Trd, 000631.040, 155
Trd, 000631.280, 173.0
Trd, 000631.330, 151
Trd, 000631.390, 141.0
Trd, 000631.680, 137
Trd, 000631.710, 148
Trd, 000631.800, 146.0
Trd, 000633.320, 146
Trd, 000633.460, 147
Trd, 000633.980, 142
Trd, 000634.690, 146
Trd, 000634.770, 153
Trd, 000638.910, 155.0
Trd, 000646.040, 161.0
Trd, 000655.250, 156
Trd, 000660.470, 149
Trd, 000660.540, 149
Trd, 000660.730, 151
Trd, 000660.880, 145
Trd, 000661.220, 146.0
Trd, 000661.230, 144
Trd, 000661.270, 146
Trd, 000661.670, 143
Trd, 000661.690, 145
Trd, 000662.030, 149
Trd, 000662.140, 155.0
Trd, 000662.360, 142
Trd, 000662.670, 160.0
Trd, 000664.880, 143
Trd, 000665.310, 141.0
Trd, 000665.710, 160
Trd, 000666.220, 139
Trd, 000673.080, 158
Trd, 000679.020, 135
Trd, 000679.380, 133
Trd, 000682.640, 162.0
Trd, 000690.460, 131.0
Trd, 000690.680, 147.0
Trd, 000690.770, 155.0
Trd, 000690.860, 139
Trd, 000691.680, 169.0
Trd, 000691.850, 146
Trd, 000692.170, 159
Trd, 000693.450, 168
Trd, 000694.200, 165
Trd, 000695.310, 153
Trd, 000697.790, 152
Trd, 000699.580, 153
Trd, 000700.260, 148
Trd, 000701.620, 146
Trd, 000702.490, 140.0
Trd, 000704.620, 147
Trd, 000705.060, 147
Trd, 000710.510, 148
Trd, 000710.990, 132.0
Trd, 000720.530, 147
Trd, 000720.640, 146
Trd, 000720.700, 174.0
Trd, 000720.740, 145
Trd, 000720.820, 156
Trd, 000720.890, 158.0
Trd, 000721.440, 170.0
Trd, 000721.560, 145
Trd, 000722.710, 147.0
Trd, 000724.120, 146
Trd, 000724.240, 142.0
Trd, 000727.860, 154
Trd, 000733.580, 154
Trd, 000733.610, 154.0
Trd, 000734.270, 151
Trd, 000741.520, 136
Trd, 000742.140, 151
Trd, 000743.230, 152
Trd, 000750.780, 174.0
Trd, 000750.920, 162
Trd, 000750.960, 169
Trd, 000750.970, 145.0
Trd, 000751.320, 152
Trd, 000751.620, 146
Trd, 000751.640, 143
Trd, 000751.670, 143
Trd, 000752.180, 155
Trd, 000752.610, 156
Trd, 000753.370, 143
Trd, 000754.290, 145
Trd, 000754.460, 150
Trd, 000754.780, 147
Trd, 000755.930, 147
Trd, 000756.750, 140.0
Trd, 000757.300, 147
Trd, 000773.910, 137
Trd, 000774.570, 142
Trd, 000775.780, 154.0
Trd, 000776.170, 169
Trd, 000780.500, 104.0
Trd, 000780.640, 160.0
Trd, 000780.850, 140
Trd, 000780.920, 157
Trd, 000781.150, 134
Trd, 000781.540, 160
Trd, 000781.930, 162.0
Trd, 000782.280, 159.0
Trd, 000782.310, 157
Trd, 000784.620, 154.0
Trd, 000785.740, 156
Trd, 000787.040, 154
Trd, 000789.260, 156
Trd, 000791.180, 145.0
Trd, 000794.380, 142.0
Trd, 000800.170, 151
Trd, 000801.560, 146
Trd, 000804.070, 141
Trd, 000805.810, 145
Trd, 000810.560, 144
Trd, 000810.610, 145.0
Trd, 000810.630, 159.0
Trd, 000810.730, 155.0
Trd, 000811.180, 152
Trd, 000811.270, 148
Trd, 000811.320, 149
Trd, 000811.580, 151
Trd, 000811.830, 145
Trd, 000811.870, 143
Trd, 000813.550, 149
Trd, 000814.490, 149
Trd, 000816.510, 148
Trd, 000816.720, 141.0
Trd, 000825.740, 153
Trd, 000833.510, 136
Trd, 000837.900, 147
Trd, 000840.590, 161
Trd, 000840.720, 146
Trd, 000841.040, 150
Trd, 000841.130, 146
Trd, 000841.230, 152
Trd, 000842.330, 151
Trd, 000842.650, 148
Trd, 000842.880, 153
Trd, 000843.070, 151
Trd, 000843.170, 146.0
Trd, 000844.050, 154.0
Trd, 000844.470, 156
Trd, 000846.340, 146
Trd, 000847.720, 160.0
Trd, 000847.890, 141
Trd, 000848.370, 160.0
Trd, 000850.360, 141.0
Trd, 000852.900, 157
Trd, 000856.000, 141
Trd, 000859.070, 138
Trd, 000870.580, 130.0
Trd, 000870.650, 146.0
Trd, 000871.030, 153.0
Trd, 000871.340, 145
Trd, 000871.510, 160.0
Trd, 000871.810, 157
Trd, 000872.230, 148
Trd, 000872.340, 161.0
Trd, 000874.470, 150
Trd, 000874.930, 154
Trd, 000876.890, 154
Trd, 000877.910, 147
Trd, 000878.780, 141.0
Trd, 000879.200, 153
Trd, 000879.920, 153
Trd, 000884.640, 139
Trd, 000888.860, 154
Trd, 000888.980, 154
Trd, 000896.480, 131
Trd, 000900.600, 146
Trd, 000900.680, 103.0
Trd, 000900.690, 135
Trd, 000901.090, 143
Trd, 000901.110, 155.0
Trd, 000901.300, 141
Trd, 000901.430, 141
Trd, 000901.460, 144
Trd, 000901.550, 147
Trd, 000901.950, 146
Trd, 000902.320, 137
Trd, 000902.570, 137
Trd, 000903.330, 141.0
Trd, 000903.910, 148
Trd, 000905.880, 160.0
Trd, 000907.600, 161.0
Trd, 000908.150, 152
Trd, 000912.160, 151
Trd, 000925.680, 163
Trd, 000930.680, 126
Trd, 000930.750, 165
Trd, 000930.800, 133
Trd, 000931.090, 176
Trd, 000931.140, 175.0
Trd, 000931.570, 172
Trd, 000931.640, 157
Trd, 000931.680, 154
Trd, 000931.730, 147.0
Trd, 000931.790, 141.0
Trd, 000932.040, 138
Trd, 000932.240, 157
Trd, 000932.820, 139
Trd, 000933.120, 153.0
Trd, 000933.790, 145
Trd, 000935.710, 144
Trd, 000937.170, 156
Trd, 000941.010, 146
Trd, 000942.040, 160.0
Trd, 000953.400, 132
Trd, 000960.690, 115.0
Trd, 000960.820, 129
Trd, 000960.850, 131.0
Trd, 000960.980, 134
Trd, 000961.190, 130
Trd, 000961.350, 153.0
Trd, 000961.440, 142
Trd, 000961.470, 131
Trd, 000961.560, 141
Trd, 000961.770, 119
Trd, 000962.810, 159.0
Trd, 000963.380, 160.0
Trd, 000964.460, 161.0
Trd, 000964.970, 145.0
Trd, 000965.500, 160
Trd, 000970.420, 165
Trd, 000972.600, 152
Trd, 000973.800, 148
Trd, 000977.220, 131.0
Trd, 000980.020, 166
Trd, 000990.780, 167
Trd, 000991.220, 147.0
Trd, 000991.510, 149
Trd, 000991.630, 142.0
Trd, 000991.710, 139
Trd, 000991.750, 136
Trd, 000991.820, 148
Trd, 000992.130, 145
Trd, 000992.310, 147
Trd, 000992.370, 140
Trd, 000992.920, 148
Trd, 000993.280, 141
Trd, 000993.620, 150
Trd, 000993.650, 150
Trd, 000996.230, 155.0
Trd, 000996.600, 160.0
Trd, 001000.510, 152
Trd, 001011.270, 150
Trd, 001013.050, 147
Trd, 001013.670, 131
Trd, 001018.710, 130.0
Trd, 001020.850, 141.0
Trd, 001020.870, 149
Trd, 001021.060, 147.0
Trd, 001021.300, 149
Trd, 001021.320, 150
Trd, 001021.610, 143
Trd, 001022.300, 153
Trd, 001022.350, 148
Trd, 001022.690, 148
Trd, 001022.890, 150
Trd, 001022.940, 147
Trd, 001023.060, 141
Trd, 001024.800, 151
Trd, 001025.060, 155.0
Trd, 001026.100, 152
Trd, 001029.660, 160.0
Trd, 001050.790, 114.0
Trd, 001050.910, 146.0
Trd, 001050.920, 161.0
Trd, 001051.230, 145
Trd, 001051.480, 149
Trd, 001051.710, 169.0
Trd, 001051.920, 161
Trd, 001052.020, 161
Trd, 001052.390, 159.0
Trd, 001053.070, 156
Trd, 001054.080, 149
Trd, 001054.110, 146
Trd, 001054.960, 161
Trd, 001057.080, 169
Trd, 001057.270, 169
Trd, 001059.660, 159
Trd, 001061.780, 156
Trd, 001068.950, 149
Trd, 001072.990, 149
Trd, 001073.780, 141.0
Trd, 001080.750, 169.0
Trd, 001080.760, 118.0
Trd, 001080.880, 167
Trd, 001080.930, 141
Trd, 001081.070, 153
Trd, 001081.080, 91
Trd, 001081.180, 156
Trd, 001081.580, 146.0
Trd, 001081.630, 154.0
Trd, 001083.040, 142
Trd, 001084.130, 141.0
Trd, 001084.630, 137
Trd, 001084.750, 142
Trd, 001085.600, 136
Trd, 001085.680, 143
Trd, 001086.100, 143
Trd, 001086.280, 160.0
Trd, 001097.450, 160.0
Trd, 001100.710, 149
Trd, 001110.760, 158.0
Trd, 001110.870, 150
Trd, 001111.210, 151
Trd, 001111.240, 148
Trd, 001111.360, 147.0
Trd, 001111.470, 141.0
Trd, 001112.140, 149
Trd, 001112.460, 148
Trd, 001112.600, 137
Trd, 001112.700, 149
Trd, 001112.900, 151
Trd, 001113.290, 150
Trd, 001113.740, 147
Trd, 001113.990, 154.0
Trd, 001118.310, 161
Trd, 001118.410, 158
Trd, 001119.910, 130.0
Trd, 001126.730, 159
Trd, 001126.960, 134
Trd, 001136.620, 162.0
Trd, 001139.100, 125
Trd, 001140.820, 102.0
Trd, 001141.030, 142
Trd, 001141.040, 160.0
Trd, 001141.310, 160.0
Trd, 001141.550, 155
Trd, 001141.660, 142.0
Trd, 001142.060, 149
Trd, 001142.090, 138
Trd, 001142.230, 160.0
Trd, 001142.540, 147.0
Trd, 001142.970, 146
Trd, 001145.070, 139
Trd, 001145.410, 152
Trd, 001147.060, 147
Trd, 001147.290, 149
Trd, 001147.770, 142
Trd, 001152.550, 153
Trd, 001153.330, 137
Trd, 001154.990, 132.0
Trd, 001156.850, 153.0
Trd, 001170.800, 159.0
Trd, 001170.820, 124
Trd, 001171.170, 143
Trd, 001171.340, 143
Trd, 001171.380, 134
Trd, 001171.780, 143
Trd, 001171.910, 145
Trd, 001172.080, 145
Trd, 001172.390, 148
Trd, 001172.570, 149
Trd, 001172.600, 154.0
Trd, 001172.700, 144
Trd, 001172.920, 139
Trd, 001175.800, 159.0
Trd, 001176.190, 150
Trd, 001176.850, 148
Trd, 001176.890, 145
Trd, 001177.080, 142.0
Trd, 001183.840, 162.0
Trd, 001185.080, 132.0
Trd, 001200.850, 86
Trd, 001200.950, 115.0
Trd, 001201.060, 130.0
Trd, 001201.090, 132
Trd, 001201.360, 132
Trd, 001201.410, 137
Trd, 001201.530, 138
Trd, 001201.580, 144
Trd, 001202.180, 149
Trd, 001202.380, 154.0
Trd, 001202.670, 138
Trd, 001202.890, 160.0
Trd, 001204.850, 159.0
Trd, 001205.290, 157
Trd, 001206.040, 150
Trd, 001206.500, 147.0
Trd, 001208.110, 161.0
Trd, 001208.880, 146
Trd, 001211.210, 140
Trd, 001214.320, 146
Trd, 001216.390, 132.0
Trd, 001230.910, 155.0
Trd, 001231.180, 150
Trd, 001231.300, 149
Trd, 001231.320, 153
Trd, 001231.490, 147
Trd, 001231.720, 147.0
Trd, 001231.780, 146
Trd, 001232.010, 146
Trd, 001232.550, 149
Trd, 001234.730, 149
Trd, 001234.830, 147
Trd, 001235.270, 148
Trd, 001235.380, 147
Trd, 001235.840, 151
Trd, 001237.210, 146
Trd, 001238.290, 158.0
Trd, 001238.360, 140.0
Trd, 001240.770, 160.0
Trd, 001260.950, 173.0
Trd, 001260.960, 169.0
Trd, 001261.030, 158.0
Trd, 001261.050, 145.0
Trd, 001261.420, 149
Trd, 001261.980, 149
Trd, 001262.200, 151
Trd, 001262.580, 151
Trd, 001265.360, 150
Trd, 001265.660, 149
Trd, 001265.830, 150
Trd, 001267.110, 148
Trd, 001267.450, 150
Trd, 001270.520, 153.0
Trd, 001275.040, 159.0
Trd, 001276.270, 149
Trd, 001289.780, 141.0
Trd, 001290.860, 158.0
Trd, 001290.920, 147
Trd, 001291.250, 155
Trd, 001291.370, 146
Trd, 001291.480, 156
Trd, 001291.930, 153
Trd, 001292.040, 154
Trd, 001292.400, 146
Trd, 001292.780, 145.0
Trd, 001293.310, 153.0
Trd, 001293.620, 140.0
Trd, 001294.160, 151
Trd, 001294.320, 152
Trd, 001296.880, 151
Trd, 001297.110, 150
Trd, 001299.220, 143
Trd, 001302.240, 160.0
Trd, 001306.210, 137
Trd, 001309.990, 164
Trd, 001310.580, 167
Trd, 001311.950, 130.0
Trd, 001320.960, 168.0
Trd, 001321.070, 172
Trd, 001321.330, 158.0
Trd, 001321.390, 142
Trd, 001321.520, 154
Trd, 001321.790, 155
Trd, 001321.900, 153
Trd, 001322.150, 150
Trd, 001322.350, 145.0
Trd, 001322.910, 153.0
Trd, 001323.350, 152
Trd, 001325.370, 145
Trd, 001328.930, 151
Trd, 001330.530, 151
Trd, 001334.350, 142.0
Trd, 001334.510, 160.0
Trd, 001344.750, 149
Trd, 001350.870, 137
Trd, 001351.050, 152
Trd, 001351.150, 146
Trd, 001351.200, 148
Trd, 001351.260, 144
Trd, 001351.340, 143
Trd, 001351.690, 151
Trd, 001351.970, 146.0
Trd, 001353.640, 149
Trd, 001353.860, 150
Trd, 001353.960, 143
Trd, 001354.030, 149
Trd, 001354.040, 155.0
Trd, 001354.800, 146
Trd, 001355.480, 160.0
Trd, 001367.380, 140.0
Trd, 001371.580, 143
Trd, 001372.480, 141
Trd, 001380.990, 145
Trd, 001381.110, 142
Trd, 001381.290, 141.0
Trd, 001381.570, 160.0
Trd, 001381.640, 146
Trd, 001381.760, 140
Trd, 001381.890, 135
Trd, 001382.310, 141
Trd, 001382.580, 141
Trd, 001382.710, 139
Trd, 001383.030, 145
Trd, 001383.270, 140
Trd, 001384.230, 151
Trd, 001389.180, 155.0
Trd, 001392.930, 146
Trd, 001394.240, 142
Trd, 001399.370, 159.0
Trd, 001403.770, 136
Trd, 001406.560, 153
Trd, 001411.020, 146
Trd, 001411.060, 147
Trd, 001411.210, 122
Trd, 001411.430, 160.0
Trd, 001411.670, 154
Trd, 001412.170, 175.0
Trd, 001412.450, 170.0
Trd, 001412.670, 166
Trd, 001412.850, 153
Trd, 001413.060, 145.0
Trd, 001414.410, 163
Trd, 001415.200, 154.0
Trd, 001415.880, 143
Trd, 001415.990, 156
Trd, 001418.100, 140.0
Trd, 001422.030, 157
Trd, 001423.380, 149
Trd, 001425.910, 155
Trd, 001430.910, 140
Trd, 001440.990, 150
Trd, 001441.160, 126
Trd, 001441.170, 132.0
Trd, 001441.260, 134
Trd, 001441.570, 146
Trd, 001441.940, 146.0
Trd, 001442.160, 146
Trd, 001442.310, 147
Trd, 001442.970, 142
Trd, 001443.390, 153.0
Trd, 001443.560, 142.0
Trd, 001444.140, 149
Trd, 001444.290, 144
Trd, 001445.820, 147
Trd, 001448.900, 153
Trd, 001452.910, 158.0
Trd, 001454.030, 162.0
Trd, 001457.540, 137
Trd, 001460.870, 134
Trd, 001462.820, 132.0
Trd, 001467.680, 153
Trd, 001470.950, 175.0
Trd, 001471.100, 116.0
Trd, 001471.130, 155
Trd, 001471.360, 144
Trd, 001471.580, 146
Trd, 001471.740, 159.0
Trd, 001471.750, 141.0
Trd, 001471.810, 139
Trd, 001472.270, 146
Trd, 001472.300, 155
Trd, 001472.550, 162.0
Trd, 001472.590, 146.0
Trd, 001473.420, 159.0
Trd, 001476.940, 154.0
Trd, 001480.080, 155
Trd, 001480.920, 156
Trd, 001481.440, 154
Trd, 001487.340, 159
Trd, 001488.230, 166
Trd, 001493.210, 147
Trd, 001500.990, 158
Trd, 001501.060, 74.0
Trd, 001501.110, 169.0
Trd, 001501.300, 147.0
Trd, 001501.420, 144
Trd, 001501.430, 145
Trd, 001501.450, 154.0
Trd, 001501.960, 142
Trd, 001503.230, 142
Trd, 001504.130, 153
Trd, 001505.400, 157
Trd, 001505.460, 152
Trd, 001506.630, 158
Trd, 001506.760, 151
Trd, 001506.920, 159.0
Trd, 001508.520, 161.0
Trd, 001513.360, 142.0
Trd, 001523.110, 154
Trd, 001524.320, 161
Trd, 001526.440, 138
Trd, 001529.200, 138
Trd, 001531.170, 117.0
Trd, 001531.250, 114.0
Trd, 001531.350, 139
Trd, 001531.360, 143
Trd, 001531.430, 140.0
Trd, 001531.770, 150
Trd, 001531.980, 146
Trd, 001532.040, 153
Trd, 001533.040, 150
Trd, 001533.680, 151
Trd, 001534.270, 143
Trd, 001535.190, 153.0
Trd, 001535.510, 143
Trd, 001536.070, 148
Trd, 001536.920, 142
Trd, 001537.980, 156
Trd, 001552.530, 149
Trd, 001555.780, 158
Trd, 001557.660, 132
Trd, 001561.010, 92.0
Trd, 001561.070, 157
Trd, 001561.190, 160.0
Trd, 001561.310, 158
Trd, 001561.330, 136
Trd, 001561.470, 136
Trd, 001561.680, 147.0
Trd, 001561.920, 157
Trd, 001562.080, 160.0
Trd, 001562.320, 146
Trd, 001563.130, 145
Trd, 001563.520, 153.0
Trd, 001564.620, 152
Trd, 001565.650, 153
Trd, 001569.790, 154
Trd, 001570.700, 159
Trd, 001571.380, 161
Trd, 001572.970, 149
Trd, 001574.650, 146
Trd, 001591.070, 150
Trd, 001591.350, 130.0
Trd, 001591.610, 151
Trd, 001591.710, 147.0
Trd, 001591.800, 141
Trd, 001591.830, 153.0
Trd, 001592.120, 129
Trd, 001592.350, 160.0
Trd, 001592.490, 150
Trd, 001592.790, 161.0
Trd, 001593.240, 145
Trd, 001596.580, 161
Trd, 001602.480, 155
Trd, 001604.200, 166
Trd, 001613.390, 158
Trd, 001614.880, 159
Trd, 001621.250, 114.0
Trd, 001621.360, 108
Trd, 001621.630, 130.0
Trd, 001621.950, 147.0
Trd, 001622.140, 141.0
Trd, 001622.260, 155
Trd, 001622.320, 155.0
Trd, 001622.430, 144
Trd, 001623.460, 159.0
Trd, 001624.640, 161
Trd, 001625.410, 153
Trd, 001625.760, 150
Trd, 001628.230, 152
Trd, 001628.380, 162.0
Trd, 001628.720, 153
Trd, 001633.340, 152
Trd, 001642.200, 159
Trd, 001642.760, 138
Trd, 001648.090, 145
Trd, 001651.160, 158.0
Trd, 001651.170, 174.0
Trd, 001651.490, 152
Trd, 001651.610, 145.0
Trd, 001651.670, 153
Trd, 001651.750, 143
Trd, 001652.140, 142.0
Trd, 001652.480, 141
Trd, 001652.790, 148
Trd, 001654.120, 148
Trd, 001654.270, 148
Trd, 001654.330, 142
Trd, 001654.630, 150
Trd, 001656.880, 148
Trd, 001657.080, 137
Trd, 001657.220, 151
Trd, 001669.070, 154.0
Trd, 001673.120, 146
Trd, 001676.220, 133
Trd, 001681.140, 169.0
Trd, 001681.350, 143
Trd, 001681.380, 154
Trd, 001681.470, 157
Trd, 001681.550, 162.0
Trd, 001681.650, 161
Trd, 001681.700, 166
Trd, 001681.930, 153
Trd, 001681.940, 154.0
Trd, 001682.400, 156
Trd, 001682.450, 147
Trd, 001682.930, 145.0
Trd, 001683.070, 155
Trd, 001686.480, 147
Trd, 001687.070, 145
Trd, 001690.150, 150
Trd, 001697.580, 154
Trd, 001704.710, 140.0
Trd, 001710.550, 159
Trd, 001711.240, 130.0
Trd, 001711.250, 153
Trd, 001711.620, 145.0
Trd, 001711.820, 146
Trd, 001712.800, 145
Trd, 001713.220, 152
Trd, 001713.540, 157
Trd, 001713.620, 145
Trd, 001713.920, 159.0
Trd, 001714.170, 161.0
Trd, 001715.900, 147
Trd, 001716.630, 155.0
Trd, 001716.870, 146
Trd, 001717.650, 143
Trd, 001718.310, 156
Trd, 001719.630, 156
Trd, 001720.010, 142.0
Trd, 001722.960, 156
Trd, 001727.230, 157
Trd, 001739.420, 129
Trd, 001741.140, 164
Trd, 001741.430, 150
Trd, 001741.630, 150
Trd, 001741.640, 147.0
Trd, 001741.680, 141
Trd, 001741.780, 132.0
Trd, 001741.800, 150
Trd, 001742.660, 143
Trd, 001743.300, 142
Trd, 001744.310, 142
Trd, 001744.620, 141.0
Trd, 001746.400, 145
Trd, 001749.020, 146
Trd, 001753.890, 155.0
Trd, 001758.140, 153
Trd, 001758.560, 159.0
Trd, 001758.840, 149
Trd, 001763.650, 162.0
Trd, 001771.250, 99
Trd, 001771.610, 155
Trd, 001771.870, 144
Trd, 001771.980, 155.0
Trd, 001772.060, 141
Trd, 001772.090, 139
Trd, 001772.460, 138
Trd, 001773.440, 147
Trd, 001774.130, 147
Trd, 001774.430, 148
Trd, 001774.540, 146.0
Trd, 001774.600, 146
Trd, 001775.770, 147
Trd, 001779.850, 148
Trd, 001780.920, 143
Trd, 001783.610, 143
Trd, 001786.290, 145
Trd, 001797.120, 144
Trd, 001797.390, 143
Trd, 001801.330, 168.0
Trd, 001801.520, 156
Trd, 001801.540, 159.0
Trd, 001801.620, 145.0
Trd, 001801.860, 140
Trd, 001802.280, 144
Trd, 001802.860, 144
Trd, 001803.170, 154
Trd, 001805.280, 149
Trd, 001806.100, 145
Trd, 001806.470, 144
Trd, 001807.270, 148
Trd, 001807.680, 148
Trd, 001812.380, 148
Trd, 001816.500, 149
Trd, 001819.570, 157
Trd, 001822.380, 142.0
Trd, 001831.200, 127
Trd, 001831.330, 134
Trd, 001831.350, 148
Trd, 001831.360, 164
Trd, 001831.530, 146
Trd, 001831.560, 145.0
Trd, 001832.330, 145
Trd, 001832.340, 150
Trd, 001832.360, 151
Trd, 001832.380, 145
Trd, 001833.000, 153
Trd, 001833.010, 153
Trd, 001833.320, 147
Trd, 001834.180, 154.0
Trd, 001834.480, 142.0
Trd, 001835.550, 155
Trd, 001835.980, 160.0
Trd, 001836.610, 144
Trd, 001840.380, 162.0
Trd, 001845.740, 131.0
Trd, 001861.330, 170
Trd, 001861.370, 139
Trd, 001861.410, 153.0
Trd, 001861.520, 147
Trd, 001861.530, 153
Trd, 001861.620, 139
Trd, 001861.930, 153
Trd, 001863.190, 140.0
Trd, 001863.600, 145
Trd, 001863.940, 145.0
Trd, 001863.990, 132.0
Trd, 001864.040, 145
Trd, 001864.560, 144
Trd, 001865.980, 137
Trd, 001866.190, 160.0
Trd, 001866.870, 133
Trd, 001867.420, 160.0
Trd, 001870.670, 148
Trd, 001871.280, 163
Trd, 001879.150, 134
Trd, 001891.380, 123
Trd, 001891.450, 144
Trd, 001891.670, 148
Trd, 001891.940, 175.0
Trd, 001891.990, 169.0
Trd, 001892.240, 166
Trd, 001892.330, 160.0
Trd, 001892.370, 159
Trd, 001892.510, 142.0
Trd, 001892.870, 142
Trd, 001893.760, 146.0
Trd, 001894.460, 155
Trd, 001894.680, 157
Trd, 001895.570, 159.0
Trd, 001899.160, 162.0
Trd, 001899.190, 164
Trd, 001900.000, 137
Trd, 001903.550, 134
Trd, 001906.870, 162
Trd, 001915.830, 164
Trd, 001921.290, 158
Trd, 001921.580, 140
Trd, 001921.650, 130
Trd, 001922.030, 147
Trd, 001922.050, 147.0
Trd, 001922.100, 160.0
Trd, 001922.110, 136
Trd, 001922.120, 162
Trd, 001922.190, 134
Trd, 001922.250, 130.0
Trd, 001922.560, 149
Trd, 001922.640, 134
Trd, 001922.670, 150
Trd, 001924.480, 149
Trd, 001924.740, 147
Trd, 001927.470, 155.0
Trd, 001933.130, 151
Trd, 001933.760, 142.0
Trd, 001945.530, 139
Trd, 001951.360, 151
Trd, 001951.460, 154.0
Trd, 001951.760, 149
Trd, 001951.920, 149
Trd, 001951.980, 151
Trd, 001952.150, 147.0
Trd, 001952.360, 142
Trd, 001953.960, 141.0
Trd, 001953.990, 148
Trd, 001954.650, 148
Trd, 001955.290, 142
Trd, 001955.750, 149
Trd, 001961.290, 151
Trd, 001961.550, 147
Trd, 001962.290, 145
Trd, 001963.900, 144
Trd, 001965.710, 141
Trd, 001966.830, 155
Trd, 001973.130, 158.0
Trd, 001981.310, 146
Trd, 001981.330, 131.0
Trd, 001981.420, 158.0
Trd, 001981.560, 159.0
Trd, 001981.990, 170.0
Trd, 001982.150, 157
Trd, 001982.450, 149
Trd, 001982.780, 148
Trd, 001983.300, 153.0
Trd, 001983.810, 153
Trd, 001984.230, 152
Trd, 001985.640, 153
Trd, 001986.190, 154
Trd, 001986.260, 149
Trd, 001986.490, 154
Trd, 001992.620, 147.0
Trd, 001995.060, 150
Trd, 001998.430, 142
Trd, 002005.630, 161.0
Trd, 002011.550, 161.0
Trd, 002011.850, 158
Trd, 002012.010, 146
Trd, 002012.050, 145
Trd, 002012.270, 145.0
Trd, 002012.740, 153.0
Trd, 002012.830, 154
Trd, 002012.960, 145
Trd, 002013.060, 154
Trd, 002014.230, 149
Trd, 002014.390, 155
Trd, 002014.480, 146
Trd, 002015.130, 155
Trd, 002015.950, 140.0
Trd, 002016.000, 132
Trd, 002017.430, 140
Trd, 002020.210, 131.0
Trd, 002023.600, 145
Trd, 002025.250, 136
Trd, 002025.650, 159.0
Trd, 002027.420, 163
Trd, 002041.650, 153.0
Trd, 002041.730, 149
Trd, 002041.960, 148
Trd, 002042.210, 150
Trd, 002042.380, 146
Trd, 002043.120, 145
Trd, 002043.260, 147
Trd, 002043.300, 134
Trd, 002043.630, 147
Trd, 002044.410, 145.0
Trd, 002045.510, 147
Trd, 002045.790, 148
Trd, 002046.150, 142.0
Trd, 002046.180, 133
Trd, 002047.370, 156
Trd, 002048.570, 132
Trd, 002051.890, 159.0
Trd, 002055.560, 142
Trd, 002071.400, 141
Trd, 002071.410, 109
Trd, 002071.530, 142
Trd, 002071.900, 149
Trd, 002071.990, 154.0
Trd, 002072.920, 146
Trd, 002073.150, 146
Trd, 002073.160, 158.0
Trd, 002074.000, 145
Trd, 002074.410, 161.0
Trd, 002075.870, 169
Trd, 002077.540, 149
Trd, 002079.600, 157
Trd, 002079.810, 159
Trd, 002081.310, 147.0
Trd, 002081.530, 160
Trd, 002083.030, 140.0
Trd, 002086.750, 158
Trd, 002087.760, 132.0
Trd, 002101.380, 147
Trd, 002101.460, 161
Trd, 002101.880, 147.0
Trd, 002102.010, 141.0
Trd, 002102.070, 150
Trd, 002102.100, 154
Trd, 002102.350, 131.0
Trd, 002102.780, 144
Trd, 002102.850, 147
Trd, 002103.010, 154.0
Trd, 002103.250, 144
Trd, 002103.870, 137
Trd, 002104.310, 145
Trd, 002112.850, 147
Trd, 002116.200, 147
Trd, 002118.160, 146
Trd, 002123.550, 145
Trd, 002128.480, 130.0
Trd, 002131.460, 170.0
Trd, 002131.640, 148
Trd, 002131.670, 150
Trd, 002131.840, 155
Trd, 002132.510, 147.0
Trd, 002133.070, 150
Trd, 002133.100, 146
Trd, 002133.920, 145
Trd, 002133.990, 150
Trd, 002134.630, 150
Trd, 002134.950, 143
Trd, 002135.700, 150
Trd, 002136.470, 154.0
Trd, 002136.560, 157
Trd, 002136.730, 158.0
Trd, 002137.250, 146
Trd, 002137.840, 142.0
Trd, 002139.430, 130.0
Trd, 002141.490, 161.0
Trd, 002143.980, 145
Trd, 002153.960, 133
Trd, 002161.500, 142
Trd, 002161.550, 146
Trd, 002161.640, 144
Trd, 002161.670, 130.0
Trd, 002162.090, 147
Trd, 002162.450, 136
Trd, 002162.560, 132
Trd, 002162.950, 149
Trd, 002163.210, 149
Trd, 002163.670, 147.0
Trd, 002164.030, 154.0
Trd, 002164.480, 154
Trd, 002165.720, 156
Trd, 002165.860, 159.0
Trd, 002166.900, 142
Trd, 002167.920, 161.0
Trd, 002170.020, 140.0
Trd, 002179.170, 155
Trd, 002181.190, 164
Trd, 002186.220, 162
Trd, 002191.520, 156
Trd, 002191.760, 154
Trd, 002191.790, 140
Trd, 002191.950, 153
Trd, 002192.190, 154.0
Trd, 002192.410, 142.0
Trd, 002192.550, 154
Trd, 002192.740, 155
Trd, 002192.970, 153
Trd, 002193.060, 155
Trd, 002193.700, 160.0
Trd, 002193.730, 159.0
Trd, 002194.000, 149
Trd, 002194.350, 145
Trd, 002195.540, 159
Trd, 002197.520, 149
Trd, 002199.270, 146.0
Trd, 002204.210, 137
Trd, 002207.580, 160.0
Trd, 002214.300, 142
Trd, 002221.430, 131.0
Trd, 002221.580, 142
Trd, 002221.820, 145.0
Trd, 002221.890, 147
Trd, 002221.980, 153.0
Trd, 002222.410, 154
Trd, 002222.650, 146
Trd, 002222.960, 160.0
Trd, 002223.250, 146
Trd, 002223.270, 145
Trd, 002224.030, 142
Trd, 002224.780, 144
Trd, 002225.610, 149
Trd, 002226.110, 146
Trd, 002226.280, 141
Trd, 002226.310, 162.0
Trd, 002226.600, 163
Trd, 002226.690, 166
Trd, 002231.900, 138
Trd, 002241.100, 132.0
Trd, 002242.950, 143
Trd, 002251.730, 173.0
Trd, 002251.830, 169.0
Trd, 002251.900, 181
Trd, 002251.980, 158.0
Trd, 002252.180, 157
Trd, 002252.340, 146
Trd, 002252.500, 152
Trd, 002252.660, 150
Trd, 002254.260, 153
Trd, 002255.370, 145.0
Trd, 002255.560, 152
Trd, 002256.790, 152
Trd, 002259.680, 152
Trd, 002261.740, 148
Trd, 002263.940, 149
Trd, 002269.360, 149
Trd, 002272.000, 145
Trd, 002281.510, 169.0
Trd, 002281.640, 150
Trd, 002281.900, 146.0
Trd, 002281.910, 153
Trd, 002281.970, 140.0
Trd, 002281.990, 119.0
Trd, 002282.450, 141
Trd, 002282.960, 153
Trd, 002283.090, 153
Trd, 002284.530, 152
Trd, 002284.600, 152
Trd, 002284.770, 144
Trd, 002284.980, 153.0
Trd, 002285.550, 154
Trd, 002286.840, 158.0
Trd, 002287.220, 147
Trd, 002289.640, 145
Trd, 002294.850, 145
Trd, 002307.570, 141
Trd, 002311.790, 147
Trd, 002311.830, 146
Trd, 002311.880, 145.0
Trd, 002312.110, 148
Trd, 002312.130, 152
Trd, 002312.490, 144
Trd, 002312.750, 146
Trd, 002313.210, 146
Trd, 002313.370, 147
Trd, 002313.710, 153
Trd, 002314.030, 144
Trd, 002314.130, 142.0
Trd, 002314.770, 138
Trd, 002315.210, 155.0
Trd, 002315.360, 134
Trd, 002316.960, 160.0
Trd, 002318.570, 159
Trd, 002318.610, 161.0
Trd, 002322.840, 151
Trd, 002334.020, 130.0
Trd, 002341.660, 144
Trd, 002341.810, 114
Trd, 002341.910, 130.0
Trd, 002341.930, 135
Trd, 002342.140, 141
Trd, 002342.290, 140.0
Trd, 002342.470, 144
Trd, 002342.490, 135
Trd, 002342.640, 141
Trd, 002342.730, 135
Trd, 002342.740, 138
Trd, 002342.920, 153.0
Trd, 002343.880, 146.0
Trd, 002344.930, 159.0
Trd, 002345.590, 145
Trd, 002347.180, 146
Trd, 002350.960, 146
Trd, 002351.390, 145
Trd, 002353.750, 141
Trd, 002353.870, 162.0
Trd, 002355.930, 139
Trd, 002371.470, 144
Trd, 002371.560, 119.0
Trd, 002371.670, 135
Trd, 002371.910, 140.0
Trd, 002371.960, 111
Trd, 002372.040, 141
Trd, 002372.350, 160.0
Trd, 002372.390, 158.0
Trd, 002372.600, 145
Trd, 002372.980, 132.0
Trd, 002373.380, 144
Trd, 002373.890, 144
Trd, 002375.180, 146
Trd, 002376.690, 155.0
Trd, 002376.710, 144
Trd, 002376.750, 159
Trd, 002379.080, 161.0
Trd, 002383.010, 150
Trd, 002386.060, 146
Trd, 002392.010, 136
Trd, 002394.800, 141
Trd, 002401.500, 152
Trd, 002401.580, 133
Trd, 002401.800, 153
Trd, 002401.880, 149
Trd, 002401.940, 159.0
Trd, 002402.060, 161.0
Trd, 002402.370, 148
Trd, 002402.510, 147.0
Trd, 002402.540, 138
Trd, 002402.710, 141
Trd, 002403.270, 153.0
Trd, 002405.170, 150
Trd, 002405.930, 148
Trd, 002406.050, 142.0
Trd, 002407.040, 150
Trd, 002408.850, 149
Trd, 002409.520, 143
Trd, 002410.050, 143
Trd, 002418.250, 147
Trd, 002427.610, 148
Trd, 002431.520, 134
Trd, 002432.060, 170
Trd, 002432.160, 169
Trd, 002432.180, 168.0
Trd, 002432.220, 165
Trd, 002432.240, 162
Trd, 002432.290, 158.0
Trd, 002432.430, 149
Trd, 002432.670, 161
Trd, 002433.580, 147
Trd, 002436.330, 155.0
Trd, 002437.970, 155
Trd, 002438.470, 142.0
Trd, 002439.070, 141
Trd, 002439.980, 148
Trd, 002441.450, 154
Trd, 002449.780, 147
Trd, 002461.490, 159.0
Trd, 002461.550, 162
Trd, 002461.750, 153
Trd, 002461.810, 131
Trd, 002462.020, 153
Trd, 002462.430, 146.0
Trd, 002462.540, 144
Trd, 002462.680, 154.0
Trd, 002462.710, 143
Trd, 002462.790, 142.0
Trd, 002463.580, 142
Trd, 002463.900, 149
Trd, 002464.490, 143
Trd, 002464.700, 140
Trd, 002465.300, 146
Trd, 002467.720, 152
Trd, 002470.530, 160.0
Trd, 002471.190, 144
Trd, 002474.500, 154
Trd, 002491.530, 150
Trd, 002491.840, 146
Trd, 002491.870, 149
Trd, 002491.950, 163
Trd, 002491.980, 145
Trd, 002492.210, 146.0
Trd, 002492.370, 149
Trd, 002492.750, 141.0
Trd, 002492.790, 158.0
Trd, 002492.820, 138
Trd, 002493.140, 160.0
Trd, 002493.680, 155.0
Trd, 002493.720, 143
Trd, 002494.660, 146
Trd, 002495.040, 151
Trd, 002495.470, 162
Trd, 002496.020, 156
Trd, 002497.680, 155
Trd, 002498.330, 158
Trd, 002499.720, 131.0
Trd, 002502.170, 162
Trd, 002508.810, 123
Trd, 002521.590, 152
Trd, 002521.780, 155
Trd, 002521.850, 147.0
Trd, 002521.900, 141
Trd, 002522.760, 155
Trd, 002523.030, 157
Trd, 002523.740, 150
Trd, 002525.020, 153.0
Trd, 002525.280, 154
Trd, 002526.140, 148
Trd, 002526.630, 149
Trd, 002527.310, 153
Trd, 002528.920, 153
Trd, 002530.780, 141.0
Trd, 002531.510, 153
Trd, 002531.680, 159.0
Trd, 002532.080, 136
Trd, 002535.340, 160.0
Trd, 002545.970, 142
Trd, 002551.550, 140.0
Trd, 002551.620, 153
Trd, 002551.780, 160.0
Trd, 002551.790, 157
Trd, 002551.940, 156
Trd, 002552.170, 151
Trd, 002552.190, 150
Trd, 002552.320, 152
Trd, 002552.440, 146
Trd, 002553.400, 143
Trd, 002553.870, 145
Trd, 002554.120, 151
Trd, 002554.260, 153
Trd, 002554.300, 135
Trd, 002554.400, 146.0
Trd, 002557.250, 152
Trd, 002559.390, 143
Trd, 002562.130, 138
Trd, 002570.440, 155.0
Trd, 002577.170, 139
Trd, 002581.570, 145
Trd, 002581.990, 147
Trd, 002582.050, 154.0
Trd, 002582.230, 161.0
Trd, 002582.330, 156
Trd, 002582.560, 150
Trd, 002582.750, 149
Trd, 002584.070, 155
Trd, 002584.350, 151
Trd, 002584.520, 159.0
Trd, 002584.570, 149
Trd, 002587.500, 161
Trd, 002592.790, 151
Trd, 002592.960, 146
Trd, 002593.210, 160
Trd, 002598.780, 151
Trd, 002609.480, 144
Trd, 002611.880, 174.0
Trd, 002612.470, 152
Trd, 002612.640, 151
Trd, 002612.880, 151
Trd, 002613.310, 147.0
Trd, 002613.420, 155.0
Trd, 002613.430, 147
Trd, 002613.740, 147
Trd, 002614.420, 153
Trd, 002615.120, 153
Trd, 002615.780, 154
Trd, 002616.480, 142.0
Trd, 002618.570, 152
Trd, 002619.060, 152
Trd, 002619.720, 153
Trd, 002620.420, 158.0
Trd, 002622.750, 135
Trd, 002627.580, 139
Trd, 002641.560, 139
Trd, 002641.640, 147.0
Trd, 002641.790, 159.0
Trd, 002641.940, 124
Trd, 002642.050, 142.0
Trd, 002642.070, 151
Trd, 002642.310, 143
Trd, 002642.440, 134
Trd, 002642.560, 131
Trd, 002642.740, 141
Trd, 002643.370, 144
Trd, 002648.710, 140
Trd, 002650.180, 144
Trd, 002650.810, 146
Trd, 002651.820, 136
Trd, 002654.020, 158.0
Trd, 002655.520, 162.0
Trd, 002657.860, 153
Trd, 002668.100, 143
Trd, 002671.670, 89
Trd, 002671.710, 110
Trd, 002671.800, 114.0
Trd, 002671.810, 128
Trd, 002671.910, 131.0
Trd, 002671.980, 159.0
Trd, 002672.240, 154
Trd, 002672.430, 144
Trd, 002672.530, 145.0
Trd, 002672.610, 138
Trd, 002672.660, 155
Trd, 002672.680, 165
Trd, 002672.810, 161.0
Trd, 002673.370, 141
Trd, 002675.090, 150
Trd, 002681.600, 145
Trd, 002681.650, 155.0
Trd, 002682.370, 158
Trd, 002684.510, 153
Trd, 002689.000, 138
Trd, 002701.650, 175.0
Trd, 002701.880, 155
Trd, 002702.100, 143
Trd, 002702.240, 142
Trd, 002702.530, 151
Trd, 002702.570, 145.0
Trd, 002702.690, 143
Trd, 002703.280, 148
Trd, 002703.590, 142
Trd, 002704.490, 148
Trd, 002704.690, 149
Trd, 002705.270, 151
Trd, 002705.810, 153.0
Trd, 002706.570, 155
Trd, 002706.590, 158.0
Trd, 002706.650, 160.0
Trd, 002706.760, 142
Trd, 002731.660, 114.0
Trd, 002731.690, 139
Trd, 002731.810, 131
Trd, 002731.820, 105
Trd, 002731.870, 155
Trd, 002732.300, 156
Trd, 002732.360, 142.0
Trd, 002732.750, 144
Trd, 002733.280, 138
Trd, 002733.530, 143
Trd, 002733.550, 138
Trd, 002733.860, 137
Trd, 002733.960, 141
Trd, 002734.000, 140
Trd, 002734.110, 153.0
Trd, 002735.000, 153
Trd, 002739.510, 158.0
Trd, 002747.600, 154
Trd, 002761.610, 145.0
Trd, 002761.850, 153
Trd, 002761.980, 153
Trd, 002762.060, 125
Trd, 002762.680, 149
Trd, 002762.860, 149
Trd, 002763.570, 149
Trd, 002764.090, 145
Trd, 002764.710, 147
Trd, 002765.200, 144
Trd, 002766.080, 143
Trd, 002766.330, 145
Trd, 002766.380, 147
Trd, 002766.870, 142.0
Trd, 002772.570, 154
Trd, 002779.250, 155.0
Trd, 002791.610, 149
Trd, 002791.640, 136
Trd, 002791.840, 153.0
Trd, 002791.900, 144
Trd, 002792.120, 114.0
Trd, 002792.190, 132.0
Trd, 002793.200, 158.0
Trd, 002793.560, 153
Trd, 002793.640, 162.0
Trd, 002794.370, 153
Trd, 002794.430, 161
Trd, 002796.790, 157
Trd, 002800.110, 156
Trd, 002801.800, 158
Trd, 002805.630, 147.0
Trd, 002806.340, 158
Trd, 002809.020, 142.0
Trd, 002812.110, 160
Trd, 002816.270, 165
Trd, 002817.940, 137
Trd, 002821.860, 146.0
Trd, 002821.910, 143
Trd, 002822.000, 122
Trd, 002822.030, 147
Trd, 002822.040, 151
Trd, 002822.560, 140
Trd, 002822.920, 143
Trd, 002823.600, 141
Trd, 002823.640, 144
Trd, 002823.760, 144
Trd, 002823.810, 148
Trd, 002824.170, 141
Trd, 002825.880, 140.0
Trd, 002826.000, 143
Trd, 002826.710, 143
Trd, 002827.260, 154.0
Trd, 002833.380, 141
Trd, 002845.390, 137
Trd, 002851.800, 162
Trd, 002851.900, 175.0
Trd, 002852.110, 149
Trd, 002852.190, 155.0
Trd, 002852.290, 158.0
Trd, 002852.490, 147
Trd, 002852.550, 146.0
Trd, 002852.570, 154
Trd, 002852.690, 143
Trd, 002853.120, 155
Trd, 002853.290, 140
Trd, 002854.390, 147
Trd, 002854.760, 145
Trd, 002854.960, 156
Trd, 002856.120, 141.0
Trd, 002856.510, 156
Trd, 002862.750, 142
Trd, 002868.390, 135
Trd, 002881.700, 160.0
Trd, 002881.730, 150
Trd, 002881.780, 174.0
Trd, 002881.970, 142.0
Trd, 002882.130, 155
Trd, 002882.150, 135
Trd, 002882.280, 138
Trd, 002882.420, 132
Trd, 002883.480, 149
Trd, 002883.700, 150
Trd, 002884.670, 146.0
Trd, 002885.120, 150
Trd, 002885.410, 148
Trd, 002885.730, 149
Trd, 002890.700, 155.0
Trd, 002891.330, 160.0
Trd, 002893.980, 165
Trd, 002904.840, 149
Trd, 002911.830, 153.0
Trd, 002912.020, 170.0
Trd, 002912.040, 162
Trd, 002912.230, 165
Trd, 002912.260, 147.0
Trd, 002912.330, 147
Trd, 002912.830, 140.0
Trd, 002912.990, 135
Trd, 002913.270, 155
Trd, 002913.950, 149
Trd, 002914.220, 151
Trd, 002914.830, 148
Trd, 002915.570, 148
Trd, 002916.530, 150
Trd, 002917.620, 152
Trd, 002921.340, 161.0
Trd, 002924.220, 142
Trd, 002926.100, 164
Trd, 002927.400, 134
Trd, 002929.000, 147
Trd, 002936.250, 132.0
Trd, 002941.680, 163
Trd, 002941.840, 161.0
Trd, 002941.880, 164
Trd, 002941.910, 148
Trd, 002942.050, 159.0
Trd, 002942.110, 147
Trd, 002942.390, 147
Trd, 002943.440, 152
Trd, 002944.300, 153
Trd, 002944.980, 153
Trd, 002946.030, 150
Trd, 002946.310, 148
Trd, 002946.400, 147
Trd, 002948.950, 148
Trd, 002951.830, 145.0
Trd, 002954.250, 148
Trd, 002955.750, 140.0
Trd, 002965.640, 148
Trd, 002971.760, 146
Trd, 002971.770, 124
Trd, 002971.890, 155.0
Trd, 002971.900, 162.0
Trd, 002971.930, 150
Trd, 002972.090, 158.0
Trd, 002972.270, 156
Trd, 002972.390, 147.0
Trd, 002972.500, 146
Trd, 002972.520, 158
Trd, 002972.660, 145
Trd, 002972.740, 158
Trd, 002972.800, 144
Trd, 002976.650, 145
Trd, 002976.660, 141.0
Trd, 002976.910, 156
Trd, 002983.370, 140
Trd, 002989.180, 155
Trd, 002989.680, 149
Trd, 003001.690, 131.0
Trd, 003001.770, 114
Trd, 003001.800, 162.0
Trd, 003002.050, 174.0
Trd, 003002.900, 147
Trd, 003003.300, 152
Trd, 003003.620, 150
Trd, 003003.800, 147.0
Trd, 003005.880, 147
Trd, 003006.260, 149
Trd, 003006.670, 144
Trd, 003006.720, 142.0
Trd, 003006.890, 151
Trd, 003007.870, 147
Trd, 003007.880, 149
Trd, 003008.030, 136
Trd, 003010.400, 139
Trd, 003018.250, 137
Trd, 003025.510, 153.0
Trd, 003026.650, 155
Trd, 003031.850, 130.0
Trd, 003031.860, 145
Trd, 003032.030, 132.0
Trd, 003032.210, 135
Trd, 003032.480, 140
Trd, 003032.500, 133
Trd, 003032.680, 140
Trd, 003032.840, 140
Trd, 003032.860, 121
Trd, 003033.270, 155.0
Trd, 003033.300, 151
Trd, 003035.620, 145
Trd, 003035.700, 145.0
Trd, 003038.160, 145
Trd, 003039.530, 142
Trd, 003044.240, 159.0
Trd, 003044.440, 143
Trd, 003044.470, 161.0
Trd, 003044.900, 150
Trd, 003050.880, 141
Trd, 003061.840, 145
Trd, 003062.040, 150
Trd, 003062.090, 147.0
Trd, 003062.500, 147
Trd, 003062.760, 146
Trd, 003062.790, 148
Trd, 003062.840, 148
Trd, 003062.900, 144
Trd, 003063.090, 142.0
Trd, 003063.130, 141
Trd, 003063.230, 146
Trd, 003063.420, 137
Trd, 003063.470, 155.0
Trd, 003068.970, 159.0
Trd, 003071.760, 161.0
Trd, 003071.920, 146
Trd, 003071.980, 162
Trd, 003073.830, 166
Trd, 003090.810, 130.0
Trd, 003091.730, 161
Trd, 003091.740, 159.0
Trd, 003091.810, 149
Trd, 003091.970, 147
Trd, 003092.350, 145.0
Trd, 003092.580, 154
Trd, 003092.590, 142.0
Trd, 003092.830, 150
Trd, 003093.230, 154
Trd, 003093.580, 154.0
Trd, 003093.920, 156
Trd, 003095.270, 155
Trd, 003096.020, 150
Trd, 003096.380, 150
Trd, 003096.940, 148
Trd, 003097.950, 137
Trd, 003101.100, 160.0
Trd, 003104.670, 134
Trd, 003117.490, 150
Trd, 003121.960, 148
Trd, 003122.060, 141.0
Trd, 003122.140, 149
Trd, 003122.260, 147.0
Trd, 003122.270, 147
Trd, 003122.320, 150
Trd, 003122.360, 138
Trd, 003123.020, 152
Trd, 003123.220, 138
Trd, 003123.770, 158.0
Trd, 003124.450, 142
Trd, 003124.890, 155.0
Trd, 003125.040, 158.0
Trd, 003125.540, 150
Trd, 003127.610, 146
Trd, 003129.330, 149
Trd, 003130.650, 151
Trd, 003133.210, 140
Trd, 003136.450, 141
Trd, 003151.970, 148
Trd, 003152.000, 148
Trd, 003152.020, 142
Trd, 003152.220, 149
Trd, 003152.240, 161.0
Trd, 003152.630, 142
Trd, 003152.710, 137
Trd, 003152.850, 137
Trd, 003152.920, 142
Trd, 003153.770, 151
Trd, 003153.950, 151
Trd, 003154.220, 152
Trd, 003154.420, 146.0
Trd, 003156.300, 154.0
Trd, 003156.460, 158.0
Trd, 003157.040, 149
Trd, 003159.950, 148
Trd, 003160.840, 142.0
Trd, 003162.900, 147
Trd, 003164.340, 151
Trd, 003166.360, 132.0
Trd, 003181.810, 145.0
Trd, 003181.830, 149
Trd, 003181.840, 147
Trd, 003181.880, 145
Trd, 003182.030, 139
Trd, 003182.060, 147
Trd, 003182.210, 148
Trd, 003182.460, 141.0
Trd, 003182.610, 141
Trd, 003182.640, 130.0
Trd, 003182.760, 155.0
Trd, 003183.160, 159.0
Trd, 003183.810, 149
Trd, 003184.140, 155
Trd, 003185.180, 143
Trd, 003186.210, 160.0
Trd, 003187.170, 164
Trd, 003188.120, 150
Trd, 003191.350, 133
Trd, 003203.320, 139
Trd, 003211.830, 147.0
Trd, 003211.850, 144
Trd, 003212.010, 141.0
Trd, 003212.280, 146
Trd, 003212.360, 147
Trd, 003212.470, 145
Trd, 003212.700, 143
Trd, 003213.050, 143
Trd, 003213.470, 147
Trd, 003213.610, 150
Trd, 003214.130, 144
Trd, 003215.900, 139
Trd, 003217.000, 145
Trd, 003219.860, 146
Trd, 003220.740, 155.0
Trd, 003225.320, 142
Trd, 003225.840, 142
Trd, 003230.160, 145
Trd, 003230.650, 160.0
Trd, 003233.510, 161.0
Trd, 003240.100, 158
Trd, 003241.750, 169.0
Trd, 003241.790, 132.0
Trd, 003241.810, 158
Trd, 003242.080, 141.0
Trd, 003242.180, 155.0
Trd, 003242.270, 120
Trd, 003243.060, 133
Trd, 003243.410, 132
Trd, 003243.440, 128
Trd, 003243.740, 133
Trd, 003244.170, 150
Trd, 003245.210, 148
Trd, 003245.340, 160.0
Trd, 003246.000, 145.0
Trd, 003246.540, 161.0
Trd, 003247.180, 142
Trd, 003248.280, 163
Trd, 003249.650, 159
Trd, 003250.790, 148
Trd, 003254.040, 158
Trd, 003261.260, 151
Trd, 003271.860, 158.0
Trd, 003271.900, 175.0
Trd, 003271.930, 158.0
Trd, 003272.410, 147
Trd, 003272.760, 146.0
Trd, 003272.920, 140.0
Trd, 003273.030, 150
Trd, 003273.160, 147
Trd, 003273.880, 148
Trd, 003274.070, 151
Trd, 003276.090, 148
Trd, 003278.730, 146
Trd, 003279.270, 145
Trd, 003280.010, 149
Trd, 003283.590, 145
Trd, 003283.690, 154.0
Trd, 003299.540, 150
Trd, 003301.900, 159.0
Trd, 003301.970, 148
Trd, 003302.130, 155
Trd, 003302.310, 153
Trd, 003302.480, 145.0
Trd, 003302.570, 146
Trd, 003302.610, 151
Trd, 003302.680, 141
Trd, 003302.820, 137
Trd, 003302.840, 146
Trd, 003302.850, 135
Trd, 003303.760, 143
Trd, 003304.010, 143
Trd, 003304.260, 145
Trd, 003304.920, 140.0
Trd, 003309.900, 153.0
Trd, 003314.860, 147
Trd, 003323.220, 146
Trd, 003323.670, 160.0
Trd, 003331.920, 175.0
Trd, 003332.030, 159
Trd, 003332.300, 147
Trd, 003332.310, 155
Trd, 003332.480, 147
Trd, 003332.600, 153.0
Trd, 003332.660, 153
Trd, 003332.700, 147
Trd, 003333.080, 146.0
Trd, 003333.300, 142
Trd, 003333.350, 142
Trd, 003333.620, 148
Trd, 003334.100, 152
Trd, 003334.490, 153
Trd, 003335.550, 141
Trd, 003339.180, 157
Trd, 003350.850, 160.0
Trd, 003356.020, 162.0
Trd, 003361.880, 104.0
Trd, 003361.930, 126
Trd, 003362.080, 153.0
Trd, 003362.090, 142.0
Trd, 003362.240, 137
Trd, 003362.320, 140
Trd, 003362.540, 158.0
Trd, 003362.560, 150
Trd, 003362.930, 147
Trd, 003363.350, 144
Trd, 003363.770, 147
Trd, 003364.720, 144
Trd, 003364.870, 142
Trd, 003365.460, 147
Trd, 003374.690, 142
Trd, 003375.310, 147
Trd, 003383.230, 155
Trd, 003389.300, 150
Trd, 003391.790, 118.0
Trd, 003391.890, 174.0
Trd, 003392.020, 160.0
Trd, 003392.130, 145.0
Trd, 003392.460, 153
Trd, 003393.020, 151
Trd, 003393.340, 152
Trd, 003393.510, 151
Trd, 003393.850, 151
Trd, 003394.010, 150
Trd, 003394.320, 146
Trd, 003395.790, 145
Trd, 003395.920, 149
Trd, 003397.830, 150
Trd, 003398.270, 151
Trd, 003403.110, 154.0
Trd, 003406.980, 140.0
Trd, 003411.700, 137
Trd, 003411.990, 139
Trd, 003417.800, 151
Trd, 003421.840, 146
Trd, 003421.990, 169.0
Trd, 003422.040, 147
Trd, 003422.200, 174.0
Trd, 003422.310, 158.0
Trd, 003422.650, 158
Trd, 003423.080, 160
Trd, 003423.740, 154
Trd, 003424.280, 154
Trd, 003424.400, 157
Trd, 003425.530, 146
Trd, 003425.550, 146.0
Trd, 003425.950, 153
Trd, 003426.840, 150
Trd, 003427.830, 140.0
Trd, 003431.290, 142
Trd, 003433.760, 141
Trd, 003436.700, 145
Trd, 003451.820, 128
Trd, 003451.860, 130.0
Trd, 003452.040, 154.0
Trd, 003452.100, 138
Trd, 003452.250, 160.0
Trd, 003452.520, 145
Trd, 003453.200, 143
Trd, 003453.890, 144
Trd, 003454.040, 162.0
Trd, 003454.100, 159
Trd, 003455.720, 167
Trd, 003457.790, 154
Trd, 003459.010, 150
Trd, 003463.260, 146.0
Trd, 003465.140, 150
Trd, 003470.320, 149
Trd, 003470.600, 150
Trd, 003471.270, 150
Trd, 003474.370, 141.0
Trd, 003476.350, 137
Trd, 003478.790, 139
Trd, 003482.050, 182
Trd, 003482.150, 168.0
Trd, 003482.320, 175.0
Trd, 003482.590, 160.0
Trd, 003482.780, 158
Trd, 003483.090, 147.0
Trd, 003483.670, 155
Trd, 003483.820, 140.0
Trd, 003484.240, 156
Trd, 003484.460, 143
Trd, 003484.540, 135
Trd, 003485.740, 146
Trd, 003488.010, 146
Trd, 003488.050, 146
Trd, 003489.290, 146
Trd, 003492.480, 160.0
Trd, 003492.490, 145
Trd, 003493.300, 153
Trd, 003493.650, 132.0
Trd, 003495.360, 142
Trd, 003503.650, 162.0
Trd, 003511.860, 140.0
Trd, 003511.930, 160.0
Trd, 003512.110, 153
Trd, 003512.240, 143
Trd, 003512.330, 133
Trd, 003512.660, 155
Trd, 003512.730, 135
Trd, 003512.950, 143
Trd, 003513.530, 149
Trd, 003513.770, 150
Trd, 003515.600, 149
Trd, 003517.040, 146.0
Trd, 003517.590, 149
Trd, 003518.080, 145
Trd, 003518.800, 149
Trd, 003519.100, 138
Trd, 003520.760, 160.0
Trd, 003527.700, 154
Trd, 003530.280, 134
Trd, 003531.290, 142
Trd, 003535.210, 131.0
Trd, 003541.970, 145.0
Trd, 003542.320, 147
Trd, 003542.450, 144
Trd, 003542.580, 140.0
Trd, 003542.590, 139
Trd, 003542.840, 142
Trd, 003543.160, 143
Trd, 003543.230, 144
Trd, 003543.370, 138
Trd, 003543.450, 138
Trd, 003543.600, 135
Trd, 003544.110, 145
Trd, 003544.750, 146
Trd, 003545.590, 154.0
Trd, 003545.680, 159.0
Trd, 003545.910, 153
Trd, 003548.930, 145
Trd, 003551.930, 138
Trd, 003561.420, 160.0
Trd, 003561.530, 131
Trd, 003571.870, 141.0
Trd, 003572.120, 170
Trd, 003572.190, 171
Trd, 003572.480, 155.0
Trd, 003572.780, 155
Trd, 003573.430, 151
Trd, 003573.740, 155
Trd, 003574.100, 147.0
Trd, 003574.600, 143
Trd, 003574.890, 155
Trd, 003574.920, 156
Trd, 003576.800, 151
Trd, 003580.280, 156
Trd, 003580.330, 150
Trd, 003581.260, 159.0
Trd, 003582.820, 144
Trd, 003586.930, 136
Trd, 003587.400, 161.0
Trd, 003595.400, 164
Trd, 003602.010, 154
Trd, 003602.070, 142
Trd, 003602.110, 141.0
Trd, 003602.220, 102.0
Trd, 003602.780, 124
Trd, 003602.790, 127
Trd, 003603.160, 129
Trd, 003603.440, 131.0
Trd, 003603.850, 126
Trd, 003604.000, 138
Trd, 003604.220, 128
Trd, 003604.330, 143
Trd, 003605.010, 155
Trd, 003605.280, 138
Trd, 003609.630, 153.0
Trd, 003612.170, 148
Trd, 003621.580, 144
Trd, 003622.150, 159.0
Trd, 003622.920, 141
Trd, 003632.000, 155.0
Trd, 003632.060, 152
Trd, 003632.080, 147
Trd, 003632.190, 158
Trd, 003632.280, 170
Trd, 003632.370, 154
Trd, 003632.550, 158
Trd, 003632.690, 147.0
Trd, 003632.820, 159.0
Trd, 003633.190, 159.0
Trd, 003633.980, 146
Trd, 003634.340, 148
Trd, 003634.390, 145
Trd, 003634.550, 142.0
Trd, 003634.590, 135
Trd, 003635.480, 157
Trd, 003646.420, 154
Trd, 003647.620, 132
Trd, 003651.010, 132
Trd, 003661.920, 148
Trd, 003662.030, 162.0
Trd, 003662.100, 142
Trd, 003662.110, 141
Trd, 003662.120, 139
Trd, 003662.150, 159.0
Trd, 003662.670, 159
Trd, 003662.700, 155
Trd, 003662.960, 153
Trd, 003663.380, 156
Trd, 003663.470, 159
Trd, 003663.480, 143
Trd, 003663.930, 145.0
Trd, 003664.290, 159.0
Trd, 003664.390, 164
Trd, 003668.450, 154
Trd, 003668.580, 140.0
Trd, 003668.610, 154
Trd, 003669.310, 132.0
Trd, 003672.460, 126
Trd, 003674.210, 169
Trd, 003677.100, 172
Trd, 003692.040, 159.0
Trd, 003692.140, 124
Trd, 003692.240, 140
Trd, 003692.400, 169
Trd, 003692.710, 145
Trd, 003692.720, 156
Trd, 003693.140, 156
Trd, 003693.150, 142.0
Trd, 003693.410, 141
Trd, 003693.760, 146.0
Trd, 003693.940, 134
Trd, 003694.430, 150
Trd, 003695.360, 148
Trd, 003695.930, 148
Trd, 003696.170, 151
Trd, 003699.420, 154.0
Trd, 003706.620, 156
Trd, 003710.480, 147
Trd, 003712.370, 144
Trd, 003722.110, 145
Trd, 003722.120, 144
Trd, 003722.240, 160.0
Trd, 003722.430, 147
Trd, 003722.500, 130.0
Trd, 003722.840, 159.0
Trd, 003723.020, 147
Trd, 003723.120, 145.0
Trd, 003723.590, 146
Trd, 003723.900, 155.0
Trd, 003724.410, 147
Trd, 003725.140, 150
Trd, 003725.240, 145
Trd, 003725.670, 151
Trd, 003728.330, 153
Trd, 003733.360, 142.0
Trd, 003734.500, 149
Trd, 003739.770, 139
Trd, 003749.590, 128
Trd, 003751.930, 146
Trd, 003752.080, 117
Trd, 003752.280, 104.0
Trd, 003752.360, 133
Trd, 003752.410, 137
Trd, 003752.690, 130
Trd, 003752.850, 132
Trd, 003752.940, 140
Trd, 003753.010, 149
Trd, 003753.030, 145.0
Trd, 003753.140, 154.0
Trd, 003753.320, 136
Trd, 003754.050, 155
Trd, 003755.400, 160.0
Trd, 003755.660, 158
Trd, 003758.110, 160.0
Trd, 003759.320, 131.0
Trd, 003764.920, 163
Trd, 003768.050, 175.0
Trd, 003769.290, 151
Trd, 003771.500, 176
Trd, 003781.910, 146.0
Trd, 003782.170, 141
Trd, 003782.370, 148
Trd, 003782.570, 119.0
Trd, 003782.610, 145
Trd, 003783.040, 144
Trd, 003783.330, 153.0
Trd, 003783.420, 153
Trd, 003783.930, 160.0
Trd, 003784.040, 152
Trd, 003785.000, 140.0
Trd, 003785.050, 155
Trd, 003785.910, 151
Trd, 003786.160, 153
Trd, 003786.890, 154
Trd, 003787.130, 160.0
Trd, 003789.060, 164
Trd, 003794.200, 147
Trd, 003799.630, 145
Trd, 003800.890, 137
Trd, 003811.930, 115.0
Trd, 003812.090, 117.0
Trd, 003812.140, 113
Trd, 003812.210, 130.0
Trd, 003812.410, 159.0
Trd, 003812.760, 160.0
Trd, 003812.920, 140.0
Trd, 003813.030, 146.0
Trd, 003813.040, 155.0
Trd, 003814.500, 154
Trd, 003815.210, 157
Trd, 003816.090, 149
Trd, 003817.520, 159
Trd, 003817.550, 148
Trd, 003817.660, 148
Trd, 003818.500, 164
Trd, 003822.290, 147
Trd, 003823.420, 156
Trd, 003825.680, 147
Trd, 003826.460, 146
Trd, 003828.030, 136
Trd, 003830.490, 138
Trd, 003842.250, 149
Trd, 003842.270, 160.0
Trd, 003842.330, 148
Trd, 003842.350, 151
Trd, 003842.430, 144
Trd, 003842.450, 143
Trd, 003842.650, 144
Trd, 003843.110, 152
Trd, 003843.130, 153
Trd, 003843.440, 155.0
Trd, 003843.460, 142
Trd, 003843.700, 141.0
Trd, 003843.870, 161.0
Trd, 003845.240, 145.0
Trd, 003845.860, 151
Trd, 003846.240, 152
Trd, 003848.500, 152
Trd, 003850.730, 137
Trd, 003850.990, 134
Trd, 003852.380, 136
Trd, 003867.970, 142
Trd, 003871.960, 150
Trd, 003872.230, 159
Trd, 003872.240, 143
Trd, 003872.270, 162.0
Trd, 003872.530, 134
Trd, 003872.970, 149
Trd, 003873.070, 147.0
Trd, 003873.460, 148
Trd, 003874.270, 148
Trd, 003874.580, 149
Trd, 003875.580, 147
Trd, 003877.470, 145
Trd, 003878.800, 147
Trd, 003879.260, 142.0
Trd, 003882.430, 146
Trd, 003885.470, 147
Trd, 003885.600, 145
Trd, 003899.130, 145
Trd, 003901.990, 149
Trd, 003902.070, 144
Trd, 003902.220, 168
Trd, 003902.470, 159
Trd, 003902.550, 146.0
Trd, 003902.600, 155
Trd, 003902.760, 160.0
Trd, 003903.090, 148
Trd, 003903.340, 152
Trd, 003903.520, 143
Trd, 003903.700, 158.0
Trd, 003904.070, 143
Trd, 003906.770, 152
Trd, 003907.200, 155.0
Trd, 003907.270, 143
Trd, 003910.350, 143
Trd, 003911.950, 141.0
Trd, 003912.020, 149
Trd, 003913.820, 137
Trd, 003932.090, 196
Trd, 003932.110, 158.0
Trd, 003932.140, 99
Trd, 003932.570, 149
Trd, 003932.710, 160.0
Trd, 003932.880, 145.0
Trd, 003933.000, 133
Trd, 003933.450, 142
Trd, 003934.320, 147
Trd, 003934.600, 147
Trd, 003935.450, 140
Trd, 003935.560, 147
Trd, 003939.790, 148
Trd, 003939.930, 148
Trd, 003946.160, 154.0
Trd, 003946.530, 162.0
Trd, 003946.960, 140.0
Trd, 003946.990, 165
Trd, 003955.260, 151
Trd, 003957.080, 132.0
Trd, 003962.100, 128
Trd, 003962.160, 131.0
Trd, 003962.210, 131.0
Trd, 003962.270, 122
Trd, 003962.330, 127
Trd, 003962.570, 153.0
Trd, 003962.950, 134
Trd, 003963.000, 155
Trd, 003963.150, 133
Trd, 003963.430, 159.0
Trd, 003965.020, 150
Trd, 003966.220, 147
Trd, 003966.820, 153
Trd, 003967.960, 146.0
Trd, 003968.080, 160.0
Trd, 003972.830, 141.0
Trd, 003977.260, 162.0
Trd, 003980.200, 138
Trd, 003981.250, 166
Trd, 003981.730, 174.0
Trd, 003988.560, 138
Trd, 003992.030, 170.0
Trd, 003992.300, 143
Trd, 003992.330, 145
Trd, 003992.970, 118.0
Trd, 003992.990, 136
Trd, 003993.150, 137
Trd, 003993.170, 115
Trd, 003994.400, 138
Trd, 003994.550, 136
Trd, 003994.630, 138
Trd, 003994.880, 136
Trd, 003995.310, 136
Trd, 003995.400, 138
Trd, 003995.800, 144
Trd, 003996.920, 153.0
Trd, 003998.650, 151
Trd, 003999.120, 142
Trd, 004000.710, 145.0
Trd, 004000.850, 146
Trd, 004001.150, 147.0
Trd, 004001.580, 147.0
Trd, 004002.090, 147.0
Trd, 004003.170, 141
Trd, 004003.200, 145.0
Trd, 004009.650, 152
Trd, 004022.100, 173.0
Trd, 004022.200, 154
Trd, 004022.300, 148
Trd, 004022.370, 158
Trd, 004022.650, 146
Trd, 004022.830, 147
Trd, 004022.850, 149.0
Trd, 004022.870, 143.0
Trd, 004022.960, 151.0
Trd, 004023.260, 150
Trd, 004023.360, 152
Trd, 004023.620, 148
Trd, 004023.750, 145.0
Trd, 004023.790, 147.0
Trd, 004023.890, 143.0
Trd, 004023.900, 141.0
Trd, 004025.280, 147
Trd, 004025.770, 146
Trd, 004025.880, 149
Trd, 004026.190, 148
Trd, 004026.260, 155.0
Trd, 004029.870, 144
Trd, 004050.340, 133
Trd, 004052.050, 159.0
Trd, 004052.130, 148
Trd, 004052.300, 158
Trd, 004052.390, 156
Trd, 004052.420, 150.0
Trd, 004052.440, 153
Trd, 004052.500, 167
Trd, 004053.390, 157
Trd, 004053.430, 158
Trd, 004053.470, 154
Trd, 004053.530, 152.0
Trd, 004053.670, 147.0
Trd, 004054.180, 149
Trd, 004055.060, 150.0
Trd, 004055.410, 147
Trd, 004055.990, 142.0
Trd, 004056.200, 141.0
Trd, 004057.910, 146
Trd, 004058.380, 147
Trd, 004058.420, 145
Trd, 004059.490, 135
Trd, 004068.240, 153.0
Trd, 004068.510, 134.0
Trd, 004073.780, 140
Trd, 004082.110, 159.0
Trd, 004082.220, 149
Trd, 004082.460, 148
Trd, 004082.700, 147
Trd, 004082.780, 146
Trd, 004082.860, 145.0
Trd, 004082.950, 147
Trd, 004083.170, 147
Trd, 004083.200, 149
Trd, 004083.250, 145
Trd, 004083.350, 147
Trd, 004083.600, 146
Trd, 004083.940, 146
Trd, 004084.140, 147
Trd, 004084.230, 145
Trd, 004084.500, 144
Trd, 004084.970, 142.0
Trd, 004086.070, 141
Trd, 004086.140, 143
Trd, 004086.470, 147
Trd, 004087.960, 134.0
Trd, 004090.190, 149
Trd, 004090.470, 155.0
Trd, 004094.100, 133
Trd, 004104.040, 144
Trd, 004108.030, 131.0
Trd, 004112.090, 140
Trd, 004112.140, 139
Trd, 004112.220, 75.0
Trd, 004112.330, 116
Trd, 004112.360, 116
Trd, 004112.430, 128
Trd, 004112.730, 134
Trd, 004112.940, 140
Trd, 004113.010, 136
Trd, 004113.210, 133
Trd, 004113.350, 143
Trd, 004113.600, 143.0
Trd, 004113.680, 150.0
Trd, 004113.940, 142
Trd, 004113.950, 153.0
Trd, 004114.280, 155.0
Trd, 004114.430, 142
Trd, 004117.410, 143
Trd, 004117.570, 140
Trd, 004118.210, 146.0
Trd, 004121.740, 153
Trd, 004125.620, 140.0
Trd, 004127.000, 141
Trd, 004134.420, 135
Trd, 004135.180, 130.0
Trd, 004142.070, 117.0
Trd, 004142.260, 91.0
Trd, 004142.310, 98
Trd, 004142.460, 119.0
Trd, 004142.660, 133
Trd, 004142.670, 139
Trd, 004142.770, 140.0
Trd, 004142.830, 136
Trd, 004142.840, 140
Trd, 004142.950, 136
Trd, 004143.090, 138
Trd, 004143.190, 134.0
Trd, 004143.340, 139
Trd, 004143.440, 141
Trd, 004143.490, 137
Trd, 004143.660, 143
Trd, 004143.690, 154.0
Trd, 004144.180, 150
Trd, 004144.620, 154.0
Trd, 004144.860, 157.0
Trd, 004149.360, 160.0
Trd, 004149.720, 158
Trd, 004149.820, 160.0
Trd, 004155.870, 158
Trd, 004157.810, 148
Trd, 004172.150, 154.0
Trd, 004172.280, 155
Trd, 004172.370, 155
Trd, 004172.380, 152
Trd, 004172.420, 146
Trd, 004172.520, 132.0
Trd, 004172.550, 129
Trd, 004172.780, 147
Trd, 004172.810, 146.0
Trd, 004172.830, 144
Trd, 004172.960, 144
Trd, 004173.640, 139
Trd, 004173.770, 138
Trd, 004173.880, 140.0
Trd, 004174.160, 140
Trd, 004174.290, 143
Trd, 004174.350, 143
Trd, 004175.440, 143
Trd, 004176.130, 142
Trd, 004180.030, 159.0
Trd, 004181.460, 160.0
Trd, 004183.670, 151.0
Trd, 004183.700, 147
Trd, 004185.650, 140
Trd, 004185.960, 132.0
Trd, 004193.030, 141
Trd, 004202.110, 156.0
Trd, 004202.300, 144
Trd, 004202.430, 144
Trd, 004202.470, 147
Trd, 004202.490, 142
Trd, 004202.500, 140.0
Trd, 004202.540, 135
Trd, 004202.820, 146
Trd, 004203.090, 147
Trd, 004203.310, 141
Trd, 004203.340, 138
Trd, 004204.080, 139
Trd, 004204.240, 139
Trd, 004204.480, 141
Trd, 004204.600, 137
Trd, 004204.750, 138.0
Trd, 004204.900, 141.0
Trd, 004204.920, 144.0
Trd, 004205.000, 139
Trd, 004205.820, 144
Trd, 004207.960, 139
Trd, 004208.340, 141.0
Trd, 004208.900, 149
Trd, 004212.860, 154.0
Trd, 004215.880, 133.0
Trd, 004232.100, 100
Trd, 004232.200, 144
Trd, 004232.250, 119
Trd, 004232.260, 131.0
Trd, 004232.390, 114
Trd, 004232.550, 121.0
Trd, 004232.570, 119.0
Trd, 004232.590, 126
Trd, 004232.730, 128
Trd, 004232.780, 126
Trd, 004232.870, 129
Trd, 004233.140, 130
Trd, 004233.160, 132
Trd, 004233.260, 129
Trd, 004233.460, 129.0
Trd, 004233.580, 132.0
Trd, 004234.060, 135.0
Trd, 004234.800, 144
Trd, 004235.290, 144.0
Trd, 004235.670, 142
Trd, 004237.470, 152.0
Trd, 004237.880, 155.0
Trd, 004239.640, 150
Trd, 004240.430, 159.0
Trd, 004244.000, 162.0
Trd, 004246.310, 146
Trd, 004248.740, 164
Trd, 004260.460, 141.0
Trd, 004262.230, 151
Trd, 004262.340, 152.0
Trd, 004262.430, 153.0
Trd, 004262.470, 150.0
Trd, 004262.680, 154
Trd, 004262.790, 152.0
Trd, 004262.980, 152
Trd, 004263.080, 154
Trd, 004263.120, 153
Trd, 004263.180, 152
Trd, 004263.640, 149.0
Trd, 004263.800, 152.0
Trd, 004264.270, 150
Trd, 004264.390, 140.0
Trd, 004264.520, 134.0
Trd, 004264.780, 146.0
Trd, 004264.970, 134
Trd, 004265.440, 151
Trd, 004266.700, 147
Trd, 004267.740, 146
Trd, 004270.360, 148
Trd, 004270.530, 150
Trd, 004285.470, 145
Trd, 004292.170, 146
Trd, 004292.180, 146
Trd, 004292.250, 144
Trd, 004292.320, 170.0
Trd, 004292.570, 160.0
Trd, 004292.650, 151
Trd, 004292.730, 150.0
Trd, 004293.010, 147
Trd, 004293.040, 150
Trd, 004293.130, 138
Trd, 004293.160, 151
Trd, 004293.600, 132.0
Trd, 004293.930, 142
Trd, 004293.940, 137
Trd, 004293.950, 150
Trd, 004294.000, 133
Trd, 004294.270, 142
Trd, 004294.800, 136.0
Trd, 004295.430, 139
Trd, 004296.310, 143
Trd, 004297.080, 138
Trd, 004302.960, 132.0
Trd, 004305.290, 133
Trd, 004306.790, 162.0
Trd, 004313.340, 127.0
Trd, 004317.290, 152
Trd, 004321.370, 137
Trd, 004322.180, 170
Trd, 004322.320, 148
Trd, 004322.600, 150
Trd, 004322.720, 141
Trd, 004322.850, 142
Trd, 004322.920, 145
Trd, 004323.140, 138
Trd, 004323.170, 135
Trd, 004323.230, 131.0
Trd, 004323.460, 134
Trd, 004323.660, 138
Trd, 004324.080, 135
Trd, 004324.130, 139
Trd, 004324.220, 137.0
Trd, 004324.260, 142
Trd, 004324.490, 146
Trd, 004324.850, 142.0
Trd, 004325.760, 143
Trd, 004326.350, 142
Trd, 004327.630, 145
Trd, 004327.920, 141
Trd, 004328.080, 147
Trd, 004329.320, 154.0
Trd, 004330.840, 139
Trd, 004333.270, 158.0
Trd, 004337.950, 138
Trd, 004339.480, 133.0
Trd, 004352.170, 145
Trd, 004352.210, 147.0
Trd, 004352.270, 151.0
Trd, 004352.360, 131.0
Trd, 004352.550, 138
Trd, 004352.710, 144
Trd, 004353.050, 141.0
Trd, 004353.150, 143
Trd, 004353.350, 138
Trd, 004353.360, 139
Trd, 004353.540, 141
Trd, 004353.790, 138
Trd, 004353.930, 137
Trd, 004353.970, 138
Trd, 004354.390, 141
Trd, 004355.860, 140.0
Trd, 004356.930, 140
Trd, 004357.330, 141
Trd, 004357.440, 143
Trd, 004358.740, 136
Trd, 004372.060, 147
Trd, 004372.430, 144
Trd, 004372.890, 155.0
Trd, 004376.480, 160.0
Trd, 004382.170, 143
Trd, 004382.240, 97
Trd, 004382.310, 126
Trd, 004382.340, 129
Trd, 004382.360, 144
Trd, 004382.380, 148
Trd, 004382.530, 134
Trd, 004382.580, 130
Trd, 004382.920, 129
Trd, 004383.010, 129
Trd, 004383.060, 131
Trd, 004383.190, 127
Trd, 004383.280, 131
Trd, 004383.440, 133
Trd, 004383.620, 136.0
Trd, 004384.670, 145
Trd, 004385.160, 150.0
Trd, 004385.620, 149.0
Trd, 004386.870, 146.0
Trd, 004386.920, 143
Trd, 004387.130, 154.0
Trd, 004387.310, 155
Trd, 004387.840, 158.0
Trd, 004398.530, 144
Trd, 004404.260, 141.0
Trd, 004405.710, 160.0
Trd, 004408.890, 153
Trd, 004412.290, 140.0
Trd, 004412.400, 148
Trd, 004412.450, 150
Trd, 004412.520, 147
Trd, 004412.530, 145.0
Trd, 004412.900, 145
Trd, 004412.910, 146
Trd, 004412.930, 148
Trd, 004413.050, 146
Trd, 004413.130, 137.0
Trd, 004413.260, 147
Trd, 004413.370, 146
Trd, 004413.830, 146
Trd, 004413.920, 143
Trd, 004413.950, 142
Trd, 004415.450, 145
Trd, 004416.310, 143
Trd, 004416.440, 144
Trd, 004416.720, 155.0
Trd, 004417.770, 133.0
Trd, 004418.270, 159.0
Trd, 004421.270, 162.0
Trd, 004422.810, 139
Trd, 004426.630, 136
Trd, 004430.570, 130.0
Trd, 004434.730, 129.0
Trd, 004442.300, 142
Trd, 004442.320, 141
Trd, 004442.340, 138
Trd, 004442.400, 141
Trd, 004442.670, 139
Trd, 004442.700, 143
Trd, 004443.010, 135
Trd, 004443.070, 136
Trd, 004443.220, 137.0
Trd, 004443.230, 139
Trd, 004443.270, 134.0
Trd, 004443.360, 131
Trd, 004443.440, 150.0
Trd, 004443.710, 150.0
Trd, 004443.770, 147.0
Trd, 004443.910, 155.0
Trd, 004444.340, 142.0
Trd, 004444.510, 137
Trd, 004444.790, 147
Trd, 004445.230, 150
Trd, 004445.340, 155
Trd, 004449.260, 156.0
Trd, 004450.330, 151.0
Trd, 004454.570, 148
Trd, 004461.580, 158.0
Trd, 004463.170, 142
Trd, 004472.250, 157
Trd, 004472.320, 151.0
Trd, 004472.400, 148
Trd, 004472.420, 148.0
Trd, 004472.650, 148.0
Trd, 004472.660, 145
Trd, 004472.700, 143
Trd, 004472.830, 137
Trd, 004472.860, 148
Trd, 004472.920, 147.0
Trd, 004472.980, 143.0
Trd, 004473.430, 141.0
Trd, 004473.600, 132.0
Trd, 004473.630, 143.0
Trd, 004474.350, 147
Trd, 004474.460, 146
Trd, 004474.550, 147
Trd, 004474.820, 147
Trd, 004475.220, 153.0
Trd, 004479.940, 153
Trd, 004480.080, 140
Trd, 004481.430, 159.0
Trd, 004483.620, 149
Trd, 004486.940, 134.0
Trd, 004492.540, 160.0
Trd, 004502.350, 142
Trd, 004502.410, 155
Trd, 004502.470, 142.0
Trd, 004502.480, 132.0
Trd, 004502.510, 137
Trd, 004502.540, 131.0
Trd, 004502.620, 152
Trd, 004502.690, 137
Trd, 004502.790, 142
Trd, 004502.990, 137
Trd, 004503.170, 134
Trd, 004503.340, 132
Trd, 004503.480, 134
Trd, 004503.680, 136
Trd, 004503.870, 135.0
Trd, 004503.930, 132.0
Trd, 004504.060, 137
Trd, 004504.660, 134
Trd, 004504.980, 139
Trd, 004505.520, 130
Trd, 004507.960, 145
Trd, 004508.550, 154.0
Trd, 004518.910, 160.0
Trd, 004519.520, 154
Trd, 004523.160, 160.0
Trd, 004530.610, 128.0
Trd, 004532.210, 142
Trd, 004532.220, 137
Trd, 004532.340, 144
Trd, 004532.370, 141.0
Trd, 004532.550, 117.0
Trd, 004532.570, 133
Trd, 004532.600, 131
Trd, 004532.730, 128
Trd, 004532.810, 130
Trd, 004532.950, 126.0
Trd, 004532.980, 133
Trd, 004533.190, 139
Trd, 004533.230, 135
Trd, 004533.520, 136
Trd, 004533.560, 132.0
Trd, 004533.610, 136.0
Trd, 004533.800, 135
Trd, 004534.220, 133.0
Trd, 004534.320, 145
Trd, 004534.500, 153.0
Trd, 004535.030, 140
Trd, 004536.130, 160.0
Trd, 004543.910, 158
Trd, 004544.040, 149
Trd, 004547.700, 161.0
Trd, 004555.100, 155
Trd, 004557.510, 129.0
Trd, 004559.170, 153
Trd, 004562.210, 146
Trd, 004562.220, 76
Trd, 004562.330, 121
Trd, 004562.400, 132.0
Trd, 004562.570, 131
Trd, 004562.600, 123
Trd, 004562.670, 146
Trd, 004562.790, 135
Trd, 004562.850, 143
Trd, 004562.910, 152
Trd, 004562.930, 155.0
Trd, 004563.080, 142
Trd, 004563.240, 136
Trd, 004563.320, 140
Trd, 004563.690, 139
Trd, 004563.930, 137.0
Trd, 004564.300, 137
Trd, 004564.320, 140
Trd, 004566.070, 141
Trd, 004566.800, 144
Trd, 004567.530, 147.0
Trd, 004568.220, 159.0
Trd, 004569.210, 143
Trd, 004570.650, 134
Trd, 004577.140, 150
Trd, 004592.270, 138
Trd, 004592.340, 137.0
Trd, 004592.390, 138
Trd, 004592.430, 144
Trd, 004592.570, 126
Trd, 004592.780, 122
Trd, 004592.950, 119.0
Trd, 004593.060, 125.0
Trd, 004593.090, 131.0
Trd, 004593.280, 148
Trd, 004593.400, 146
Trd, 004593.570, 153.0
Trd, 004593.810, 146
Trd, 004593.870, 140
Trd, 004594.220, 143
Trd, 004594.460, 140.0
Trd, 004594.480, 141
Trd, 004594.920, 139
Trd, 004595.020, 143
Trd, 004595.070, 136.0
Trd, 004596.380, 142
Trd, 004596.650, 160.0
Trd, 004597.900, 148
Trd, 004600.130, 138
Trd, 004609.830, 130.0
Trd, 004622.220, 115.0
Trd, 004622.380, 132
Trd, 004622.460, 166.0
Trd, 004622.520, 151.0
Trd, 004622.730, 148
Trd, 004622.760, 144.0
Trd, 004622.890, 143
Trd, 004622.930, 147
Trd, 004623.160, 141
Trd, 004623.290, 147.0
Trd, 004623.470, 149
Trd, 004623.500, 147.0
Trd, 004623.620, 146.0
Trd, 004623.650, 140.0
Trd, 004624.130, 153.0
Trd, 004624.840, 148
Trd, 004625.110, 146
Trd, 004625.200, 149.0
Trd, 004625.240, 149.0
Trd, 004625.880, 149
Trd, 004626.990, 134
Trd, 004627.710, 141
Trd, 004629.480, 136
Trd, 004630.050, 148
Trd, 004634.620, 147
Trd, 004635.620, 134.0
Trd, 004642.280, 150
Trd, 004652.250, 75.0
Trd, 004652.260, 103.0
Trd, 004652.360, 132.0
Trd, 004652.400, 143
Trd, 004652.420, 170.0
Trd, 004652.500, 186
Trd, 004652.730, 176.0
Trd, 004653.010, 169.0
Trd, 004653.290, 165.0
Trd, 004653.320, 159.0
Trd, 004653.490, 153.0
Trd, 004653.590, 151
Trd, 004653.600, 148
Trd, 004653.690, 140
Trd, 004653.770, 139.0
Trd, 004653.900, 139.0
Trd, 004654.360, 143
Trd, 004656.120, 142
Trd, 004657.260, 142
Trd, 004660.130, 136
Trd, 004660.260, 142
Trd, 004660.980, 142
Trd, 004661.860, 141
Trd, 004663.830, 132.0
Trd, 004664.130, 136
Trd, 004682.280, 132
Trd, 004682.350, 131.0
Trd, 004682.560, 120
Trd, 004682.610, 132
Trd, 004682.780, 132
Trd, 004682.790, 128
Trd, 004682.970, 126
Trd, 004683.050, 132
Trd, 004683.070, 140
Trd, 004683.300, 137.0
Trd, 004683.390, 142.0
Trd, 004683.580, 137
Trd, 004683.710, 141.0
Trd, 004684.020, 143
Trd, 004684.100, 141.0
Trd, 004684.110, 133.0
Trd, 004684.400, 154.0
Trd, 004685.420, 137
Trd, 004685.980, 137.0
Trd, 004686.170, 143
Trd, 004689.940, 160.0
Trd, 004691.710, 134
Trd, 004695.880, 141
Trd, 004704.900, 160.0
Trd, 004712.230, 75.0
Trd, 004712.270, 121.0
Trd, 004712.540, 169
Trd, 004712.690, 149
Trd, 004712.770, 145.0
Trd, 004712.790, 153
Trd, 004713.100, 158.0
Trd, 004713.180, 159.0
Trd, 004713.210, 154
Trd, 004713.390, 159.0
Trd, 004713.510, 156
Trd, 004713.530, 152.0
Trd, 004713.670, 159
Trd, 004714.200, 147
Trd, 004714.810, 146.0
Trd, 004714.910, 144
Trd, 004715.520, 149
Trd, 004716.340, 142.0
Trd, 004716.530, 143
Trd, 004718.610, 145
Trd, 004723.380, 144
Trd, 004725.050, 144
Trd, 004729.680, 133
Trd, 004737.850, 132.0
Trd, 004739.430, 136
Trd, 004742.270, 174
Trd, 004742.300, 169.0
Trd, 004742.390, 152.0
Trd, 004742.430, 122
Trd, 004742.490, 142
Trd, 004742.530, 152
Trd, 004742.890, 147
Trd, 004743.070, 133
Trd, 004743.130, 139.0
Trd, 004743.160, 132
Trd, 004743.220, 141
Trd, 004743.610, 141.0
Trd, 004743.710, 139
Trd, 004743.780, 139.0
Trd, 004743.830, 141
Trd, 004744.060, 137
Trd, 004744.280, 138
Trd, 004744.770, 137
Trd, 004744.930, 142
Trd, 004745.040, 145
Trd, 004748.120, 159.0
Trd, 004749.830, 132.0
Trd, 004755.480, 162
Trd, 004762.180, 142
Trd, 004763.970, 130.0
Trd, 004772.360, 170.0
Trd, 004772.380, 148
Trd, 004772.440, 155.0
Trd, 004772.490, 156
Trd, 004772.580, 158.0
Trd, 004772.710, 157
Trd, 004772.740, 153
Trd, 004772.780, 152
Trd, 004772.820, 147.0
Trd, 004772.880, 134.0
Trd, 004772.990, 144
Trd, 004773.200, 133
Trd, 004773.310, 143
Trd, 004773.430, 142
Trd, 004773.650, 141.0
Trd, 004773.850, 144
Trd, 004774.170, 141
Trd, 004774.220, 145
Trd, 004774.350, 147
Trd, 004774.600, 130
Trd, 004776.240, 160.0
Trd, 004779.390, 139.0
Trd, 004781.420, 135
Trd, 004787.800, 158
Trd, 004787.880, 161.0
Trd, 004802.100, 130.0
Trd, 004802.260, 174.0
Trd, 004802.580, 140
Trd, 004802.670, 130.0
Trd, 004802.690, 134
Trd, 004802.740, 141.0
Trd, 004802.850, 140
Trd, 004802.870, 132
Trd, 004802.910, 132.0
Trd, 004802.930, 136.0
Trd, 004802.960, 128.0
Trd, 004803.000, 147
Trd, 004803.040, 149.0
Trd, 004803.220, 143
Trd, 004803.230, 154.0
Trd, 004803.470, 146.0
Trd, 004803.810, 147
Trd, 004804.080, 135
Trd, 004804.100, 134.0
Trd, 004804.490, 132
Trd, 004804.530, 146
Trd, 004808.010, 149
Trd, 004808.490, 141
Trd, 004810.400, 154
Trd, 004828.920, 159.0
Trd, 004828.940, 140.0
Trd, 004830.620, 125
Trd, 004832.300, 133.0
Trd, 004832.310, 121
Trd, 004832.420, 137
Trd, 004832.510, 142
Trd, 004832.530, 131
Trd, 004832.620, 133.0
Trd, 004832.720, 121
Trd, 004832.820, 127
Trd, 004832.860, 122
Trd, 004832.920, 136
Trd, 004833.160, 147
Trd, 004833.390, 140
Trd, 004833.700, 155.0
Trd, 004833.840, 160.0
Trd, 004833.850, 167
Trd, 004834.240, 141.0
Trd, 004834.510, 138.0
Trd, 004834.620, 140
Trd, 004835.300, 145
Trd, 004835.580, 139
Trd, 004836.740, 140
Trd, 004837.180, 138.0
Trd, 004840.410, 161.0
Trd, 004841.310, 133.0
Trd, 004848.150, 154
Trd, 004851.150, 163
Trd, 004852.970, 131.0
Trd, 004862.290, 129
Trd, 004862.480, 153
Trd, 004862.500, 155.0
Trd, 004862.530, 147
Trd, 004862.550, 136
Trd, 004862.570, 142
Trd, 004862.600, 131
Trd, 004862.630, 147
Trd, 004862.650, 151
Trd, 004862.750, 152.0
Trd, 004862.900, 137
Trd, 004863.270, 149
Trd, 004863.500, 148
Trd, 004863.530, 147.0
Trd, 004863.700, 145
Trd, 004863.860, 150
Trd, 004864.090, 153
Trd, 004864.450, 142
Trd, 004864.460, 142.0
Trd, 004870.880, 145
Trd, 004870.940, 150
Trd, 004872.760, 154
Trd, 004873.720, 132.0
Trd, 004874.620, 135
Trd, 004884.180, 131.0
Trd, 004892.400, 94.0
Trd, 004892.450, 115.0
Trd, 004892.470, 122
Trd, 004892.490, 128
Trd, 004892.530, 132.0
Trd, 004892.560, 154.0
Trd, 004892.760, 148
Trd, 004892.930, 148
Trd, 004892.940, 145.0
Trd, 004893.010, 142.0
Trd, 004893.090, 133
Trd, 004893.200, 140.0
Trd, 004893.280, 136
Trd, 004893.380, 161.0
Trd, 004893.660, 153.0
Trd, 004893.950, 147
Trd, 004894.430, 152.0
Trd, 004894.560, 151.0
Trd, 004895.220, 154
Trd, 004895.250, 145
Trd, 004895.520, 164
Trd, 004895.880, 142
Trd, 004897.590, 159.0
Trd, 004899.000, 134
Trd, 004903.610, 132.0
Trd, 004914.250, 133
Trd, 004922.450, 147
Trd, 004922.480, 123
Trd, 004922.490, 122
Trd, 004922.530, 138
Trd, 004922.600, 163
Trd, 004922.650, 148
Trd, 004922.660, 165
Trd, 004922.690, 136
Trd, 004922.820, 153
Trd, 004922.920, 151.0
Trd, 004923.110, 146.0
Trd, 004923.210, 140.0
Trd, 004923.520, 139
Trd, 004923.740, 150
Trd, 004924.110, 150
Trd, 004924.210, 138
Trd, 004924.320, 137
Trd, 004925.180, 137
Trd, 004925.200, 136
Trd, 004925.240, 143
Trd, 004925.380, 147
Trd, 004925.970, 154.0
Trd, 004929.880, 160.0
Trd, 004930.450, 142
Trd, 004931.380, 132.0
Trd, 004942.570, 131.0
Trd, 004951.210, 142
Trd, 004952.360, 156
Trd, 004952.460, 150
Trd, 004952.590, 146.0
Trd, 004952.640, 153.0
Trd, 004952.680, 158
Trd, 004952.790, 155
Trd, 004952.860, 140.0
Trd, 004952.870, 137
Trd, 004952.920, 111
Trd, 004952.990, 120.0
Trd, 004953.150, 137
Trd, 004953.460, 135
Trd, 004953.530, 153
Trd, 004954.070, 139
Trd, 004954.080, 136
Trd, 004954.350, 148
Trd, 004955.180, 151.0
Trd, 004955.570, 145
Trd, 004956.960, 149
Trd, 004958.140, 146
Trd, 004958.720, 141
Trd, 004959.290, 147
Trd, 004959.560, 158.0
Trd, 004959.780, 132.0
Trd, 004960.740, 132
Trd, 004961.380, 132.0
Trd, 004969.140, 140
Trd, 004972.610, 149
Trd, 004982.360, 109.0
Trd, 004982.380, 132.0
Trd, 004982.400, 91.0
Trd, 004982.560, 148
Trd, 004982.650, 134
Trd, 004982.670, 149
Trd, 004982.700, 116
Trd, 004982.910, 138
Trd, 004983.110, 94
Trd, 004983.170, 126
Trd, 004983.360, 129.0
Trd, 004983.560, 135
Trd, 004983.590, 137.0
Trd, 004983.620, 134.0
Trd, 004983.810, 146.0
Trd, 004983.960, 154.0
Trd, 004984.030, 133
Trd, 004984.220, 160.0
Trd, 004984.260, 125
Trd, 004984.770, 162.0
Trd, 004985.240, 152
Trd, 004985.900, 164
Trd, 004986.790, 151.0
Trd, 004991.910, 152
Trd, 004995.490, 144
Trd, 004998.730, 143
