Trd, 000030.120, 136
Trd, 000030.320, 131.0
Trd, 000030.500, 134.0
Trd, 000030.740, 142.0
Trd, 000031.200, 151.0
Trd, 000031.980, 145.0
Trd, 000032.220, 175
Trd, 000060.140, 141
Trd, 000060.260, 142.0
Trd, 000060.380, 157
Trd, 000061.660, 133.0
Trd, 000061.680, 147.0
Trd, 000061.960, 151.0
Trd, 000069.540, 153
Trd, 000070.240, 167
Trd, 000078.460, 137
Trd, 000090.680, 140.0
Trd, 000090.880, 153.0
Trd, 000091.380, 160
Trd, 000091.520, 142
Trd, 000094.140, 157
Trd, 000094.320, 149
Trd, 000094.620, 148
Trd, 000094.800, 158
Trd, 000120.860, 153.0
Trd, 000120.880, 152
Trd, 000121.160, 139.0
Trd, 000122.540, 140.0
Trd, 000122.640, 146.0
Trd, 000123.080, 134
Trd, 000124.700, 155
Trd, 000136.740, 159
Trd, 000150.300, 134.0
Trd, 000150.680, 157
Trd, 000150.720, 147
Trd, 000150.860, 160
Trd, 000152.140, 145.0
Trd, 000152.720, 172
Trd, 000162.520, 152.0
Trd, 000168.240, 150
Trd, 000180.240, 130.0
Trd, 000180.800, 146
Trd, 000181.320, 132.0
Trd, 000181.500, 189
Trd, 000182.260, 163
Trd, 000183.060, 156
Trd, 000184.840, 152.0
Trd, 000210.320, 164
Trd, 000210.820, 132.0
Trd, 000210.900, 133.0
Trd, 000210.920, 141.0
Trd, 000212.500, 146
Trd, 000212.620, 147.0
Trd, 000213.020, 163
Trd, 000240.340, 145.0
Trd, 000240.740, 133.0
Trd, 000240.800, 147.0
Trd, 000240.860, 153.0
Trd, 000241.620, 133
Trd, 000242.000, 161
Trd, 000251.780, 157
Trd, 000255.880, 144
Trd, 000270.300, 157
Trd, 000270.700, 130.0
Trd, 000271.120, 152
Trd, 000271.640, 155
Trd, 000271.660, 141
Trd, 000277.320, 153.0
Trd, 000277.700, 145.0
Trd, 000285.400, 144
Trd, 000287.020, 159
Trd, 000301.380, 147
Trd, 000301.460, 146
Trd, 000301.740, 144
Trd, 000301.820, 147.0
Trd, 000302.760, 145
Trd, 000305.220, 153.0
Trd, 000311.120, 153
Trd, 000330.520, 142.0
Trd, 000331.160, 153.0
Trd, 000332.060, 142.0
Trd, 000332.400, 142
Trd, 000335.220, 145.0
Trd, 000338.540, 159
Trd, 000343.180, 168
Trd, 000354.880, 154
Trd, 000361.100, 152.0
Trd, 000361.200, 148
Trd, 000362.100, 159
Trd, 000362.960, 192.0
Trd, 000363.580, 158
Trd, 000380.100, 163
Trd, 000390.720, 146.0
Trd, 000390.980, 132.0
Trd, 000391.660, 140.0
Trd, 000392.700, 134.0
Trd, 000394.540, 153.0
Trd, 000395.960, 155
Trd, 000404.180, 156
Trd, 000420.880, 155
Trd, 000420.960, 153
Trd, 000421.020, 145.0
Trd, 000421.120, 151.0
Trd, 000421.340, 146
Trd, 000423.000, 158
Trd, 000423.200, 162
Trd, 000425.240, 160
Trd, 000425.700, 162
Trd, 000450.560, 147.0
Trd, 000451.000, 151
Trd, 000451.160, 147
Trd, 000452.020, 149
Trd, 000452.260, 142.0
Trd, 000452.580, 152.0
Trd, 000454.840, 159
Trd, 000470.280, 158
Trd, 000474.640, 163
Trd, 000480.560, 157
Trd, 000480.920, 132
Trd, 000482.180, 141.0
Trd, 000482.340, 147.0
Trd, 000482.500, 139.0
Trd, 000482.560, 153.0
Trd, 000489.360, 154
Trd, 000500.380, 160
Trd, 000510.940, 143
Trd, 000511.060, 144
Trd, 000511.340, 146.0
Trd, 000511.360, 141.0
Trd, 000511.960, 140
Trd, 000513.800, 153.0
Trd, 000517.560, 155
Trd, 000523.660, 159
Trd, 000529.280, 164
Trd, 000541.200, 132.0
Trd, 000541.220, 140.0
Trd, 000541.840, 145
Trd, 000542.820, 153.0
Trd, 000543.700, 144
Trd, 000544.880, 145.0
Trd, 000570.700, 159
Trd, 000570.960, 143
Trd, 000571.320, 143
Trd, 000571.740, 130.0
Trd, 000572.340, 146.0
Trd, 000573.520, 134
Trd, 000582.180, 151.0
Trd, 000584.880, 166
Trd, 000600.740, 149
Trd, 000600.980, 156
Trd, 000601.620, 152
Trd, 000601.900, 164
Trd, 000602.940, 150
Trd, 000606.060, 153.0
Trd, 000619.880, 161
Trd, 000627.440, 159
Trd, 000629.540, 144.0
Trd, 000631.060, 133.0
Trd, 000631.280, 142.0
Trd, 000631.380, 142
Trd, 000631.580, 146.0
Trd, 000631.820, 138
Trd, 000632.180, 152.0
Trd, 000636.900, 153
Trd, 000637.060, 161
Trd, 000661.020, 131.0
Trd, 000661.300, 132.0
Trd, 000661.520, 140.0
Trd, 000661.880, 147.0
Trd, 000662.220, 152
Trd, 000666.640, 153.0
Trd, 000673.480, 155
Trd, 000674.980, 151
Trd, 000685.320, 159
Trd, 000691.300, 132.0
Trd, 000691.560, 142.0
Trd, 000692.640, 142
Trd, 000695.920, 145.0
Trd, 000697.280, 151.0
Trd, 000697.900, 163
Trd, 000702.500, 155
Trd, 000714.940, 157
Trd, 000721.580, 130.0
Trd, 000721.640, 132.0
Trd, 000722.820, 142.0
Trd, 000722.840, 145.0
Trd, 000723.720, 151.0
Trd, 000748.120, 157
Trd, 000751.020, 189.0
Trd, 000751.140, 144.0
Trd, 000751.880, 147.0
Trd, 000752.140, 152.0
Trd, 000754.080, 151
Trd, 000756.740, 150
Trd, 000765.700, 155
Trd, 000767.040, 158
Trd, 000773.800, 164
Trd, 000781.000, 164
Trd, 000781.200, 153
Trd, 000781.860, 155
Trd, 000781.980, 163
Trd, 000782.100, 150
Trd, 000782.320, 163
Trd, 000783.460, 145.0
Trd, 000785.480, 131.0
Trd, 000796.100, 155
Trd, 000811.080, 148
Trd, 000811.600, 145.0
Trd, 000812.160, 149
Trd, 000813.560, 155
Trd, 000813.760, 150
Trd, 000814.100, 149
Trd, 000821.180, 153.0
Trd, 000841.300, 167
Trd, 000841.980, 156
Trd, 000842.080, 141
Trd, 000842.240, 165
Trd, 000843.420, 152
Trd, 000843.880, 152
Trd, 000861.560, 154
Trd, 000865.440, 156
Trd, 000871.340, 131.0
Trd, 000871.520, 143
Trd, 000872.200, 140.0
Trd, 000872.420, 145.0
Trd, 000874.180, 153.0
Trd, 000874.820, 141
Trd, 000883.900, 161
Trd, 000889.080, 167
Trd, 000901.360, 134.0
Trd, 000901.460, 131.0
Trd, 000901.840, 140.0
Trd, 000902.020, 145.0
Trd, 000911.020, 152.0
Trd, 000913.480, 145
Trd, 000931.240, 142.0
Trd, 000931.360, 164
Trd, 000931.460, 145
Trd, 000931.540, 155
Trd, 000931.760, 145.0
Trd, 000932.860, 162
Trd, 000933.280, 141.0
Trd, 000935.600, 153.0
Trd, 000937.640, 138
Trd, 000961.340, 189.0
Trd, 000961.860, 137
Trd, 000964.600, 142.0
Trd, 000964.660, 137
Trd, 000967.260, 147.0
Trd, 000970.720, 142
Trd, 000976.320, 151.0
Trd, 000991.520, 139
Trd, 000992.000, 141.0
Trd, 000992.100, 163
Trd, 000992.720, 151
Trd, 000993.220, 152.0
Trd, 000993.260, 139
Trd, 000994.260, 145.0
Trd, 000997.780, 154
Trd, 001007.500, 154
Trd, 001021.540, 132.0
Trd, 001021.840, 146.0
Trd, 001023.180, 142
Trd, 001023.400, 140.0
Trd, 001023.980, 151.0
Trd, 001030.060, 153
Trd, 001036.420, 143
Trd, 001039.380, 158
Trd, 001039.480, 164
Trd, 001051.360, 187.0
Trd, 001051.680, 132.0
Trd, 001052.160, 151.0
Trd, 001053.020, 134.0
Trd, 001054.020, 140.0
Trd, 001065.660, 147.0
Trd, 001071.620, 139
Trd, 001081.860, 141.0
Trd, 001082.280, 146.0
Trd, 001082.300, 154
Trd, 001082.380, 142
Trd, 001082.960, 141.0
Trd, 001083.120, 152.0
Trd, 001083.720, 159
Trd, 001088.080, 142
Trd, 001111.380, 133.0
Trd, 001111.760, 144.0
Trd, 001112.440, 132.0
Trd, 001112.980, 147.0
Trd, 001113.580, 148
Trd, 001115.760, 152.0
Trd, 001141.860, 152
Trd, 001142.380, 149
Trd, 001142.920, 147.0
Trd, 001144.480, 151.0
Trd, 001144.700, 143.0
Trd, 001148.420, 157
Trd, 001148.500, 134
Trd, 001172.080, 152
Trd, 001172.380, 154
Trd, 001172.400, 159
Trd, 001172.440, 152
Trd, 001172.500, 145.0
Trd, 001174.540, 153.0
Trd, 001176.040, 142
Trd, 001197.240, 158
Trd, 001201.360, 158
Trd, 001201.640, 134.0
Trd, 001202.040, 148
Trd, 001202.600, 146
Trd, 001202.880, 141.0
Trd, 001202.960, 153
Trd, 001203.480, 145
Trd, 001205.780, 151.0
Trd, 001208.300, 156
Trd, 001231.620, 146
Trd, 001231.900, 142.0
Trd, 001232.560, 152.0
Trd, 001234.080, 140.0
Trd, 001234.340, 146.0
Trd, 001236.360, 155
Trd, 001237.080, 143
Trd, 001240.980, 160
Trd, 001252.420, 162
Trd, 001261.620, 131.0
Trd, 001261.940, 133.0
Trd, 001262.560, 140
Trd, 001263.200, 140.0
Trd, 001264.320, 145.0
Trd, 001267.420, 152.0
Trd, 001271.700, 154
Trd, 001291.780, 134.0
Trd, 001292.320, 137
Trd, 001292.520, 147.0
Trd, 001292.680, 140.0
Trd, 001292.800, 152.0
Trd, 001295.880, 142.0
Trd, 001303.340, 155
Trd, 001321.800, 142.0
Trd, 001322.360, 131.0
Trd, 001322.520, 153.0
Trd, 001323.140, 147.0
Trd, 001323.680, 151
Trd, 001324.260, 145
Trd, 001325.680, 155
Trd, 001329.680, 160
Trd, 001351.740, 133.0
Trd, 001352.800, 138
Trd, 001352.940, 140.0
Trd, 001355.340, 141
Trd, 001357.220, 147.0
Trd, 001359.620, 151.0
Trd, 001364.640, 158
Trd, 001377.780, 154
Trd, 001381.980, 188.0
Trd, 001382.020, 147
Trd, 001382.100, 145
Trd, 001382.520, 151.0
Trd, 001384.960, 160
Trd, 001385.220, 141.0
Trd, 001385.940, 142.0
Trd, 001390.560, 153
Trd, 001396.240, 164
Trd, 001411.920, 161
Trd, 001412.160, 152
Trd, 001412.640, 133
Trd, 001412.800, 157
Trd, 001412.940, 142.0
Trd, 001421.440, 147.0
Trd, 001427.720, 152.0
Trd, 001441.880, 155
Trd, 001441.960, 141
Trd, 001442.680, 153.0
Trd, 001442.940, 140
Trd, 001443.220, 145
Trd, 001446.560, 146.0
Trd, 001448.100, 144
Trd, 001472.060, 152.0
Trd, 001472.360, 145
Trd, 001473.460, 145.0
Trd, 001473.680, 146.0
Trd, 001474.140, 142.0
Trd, 001475.820, 155
Trd, 001478.400, 159
Trd, 001479.360, 164
Trd, 001493.540, 148
Trd, 001502.160, 148
Trd, 001502.240, 143
Trd, 001502.280, 141.0
Trd, 001502.720, 164
Trd, 001503.500, 147
Trd, 001504.060, 153.0
Trd, 001504.520, 148
Trd, 001510.000, 158
Trd, 001510.560, 159
Trd, 001532.100, 173
Trd, 001532.120, 156
Trd, 001532.500, 163
Trd, 001535.080, 141.0
Trd, 001536.240, 146.0
Trd, 001538.580, 151.0
Trd, 001539.560, 156
Trd, 001562.260, 154
Trd, 001562.320, 145
Trd, 001562.940, 143
Trd, 001563.600, 142.0
Trd, 001564.480, 145.0
Trd, 001567.500, 142.0
Trd, 001570.420, 152.0
Trd, 001577.320, 157
Trd, 001592.220, 146.0
Trd, 001592.460, 151.0
Trd, 001592.480, 182
Trd, 001592.620, 144.0
Trd, 001592.960, 140
Trd, 001594.040, 142
Trd, 001594.540, 132.0
Trd, 001596.700, 167
Trd, 001622.140, 133.0
Trd, 001622.420, 142.0
Trd, 001623.300, 148
Trd, 001623.860, 145.0
Trd, 001624.800, 152.0
Trd, 001625.200, 147
Trd, 001625.720, 162
Trd, 001652.480, 134.0
Trd, 001653.100, 146.0
Trd, 001653.240, 145
Trd, 001654.260, 147
Trd, 001654.460, 145.0
Trd, 001655.860, 153.0
Trd, 001670.300, 153
Trd, 001682.880, 145.0
Trd, 001683.080, 151.0
Trd, 001683.620, 144.0
Trd, 001683.980, 141
Trd, 001685.300, 140
Trd, 001691.900, 170
Trd, 001695.200, 151
Trd, 001705.160, 162
Trd, 001712.840, 132.0
Trd, 001712.960, 132.0
Trd, 001713.100, 146.0
Trd, 001714.100, 152.0
Trd, 001714.360, 141.0
Trd, 001720.040, 154
Trd, 001726.780, 149
Trd, 001742.540, 145
Trd, 001742.600, 151.0
Trd, 001743.180, 146
Trd, 001743.360, 147
Trd, 001745.080, 153
Trd, 001745.200, 143.0
Trd, 001749.220, 155
Trd, 001754.760, 163
Trd, 001772.680, 162
Trd, 001772.840, 151
Trd, 001772.900, 149
Trd, 001773.180, 144.0
Trd, 001773.680, 147.0
Trd, 001778.100, 150
Trd, 001783.020, 152.0
Trd, 001784.760, 154
Trd, 001802.620, 146
Trd, 001802.800, 132.0
Trd, 001802.860, 151.0
Trd, 001803.300, 142
Trd, 001803.880, 147.0
Trd, 001805.920, 154
Trd, 001807.640, 155
Trd, 001815.460, 145.0
Trd, 001816.300, 158
Trd, 001832.380, 141.0
Trd, 001832.720, 144
Trd, 001832.880, 190.0
Trd, 001833.160, 147.0
Trd, 001833.740, 152
Trd, 001834.960, 147
Trd, 001862.580, 155
Trd, 001862.960, 149
Trd, 001863.000, 147
Trd, 001863.100, 142.0
Trd, 001863.840, 151
Trd, 001866.760, 152.0
Trd, 001875.140, 155
Trd, 001882.820, 154
Trd, 001883.420, 157
Trd, 001892.600, 145.0
Trd, 001892.660, 157
Trd, 001893.020, 154
Trd, 001893.540, 163
Trd, 001893.780, 153
Trd, 001894.060, 149
Trd, 001894.620, 144.0
Trd, 001902.360, 151.0
Trd, 001922.520, 135
Trd, 001922.880, 151
Trd, 001923.080, 145
Trd, 001923.200, 140.0
Trd, 001923.620, 152.0
Trd, 001923.800, 155
Trd, 001937.100, 161
Trd, 001942.520, 144
Trd, 001952.540, 154
Trd, 001952.840, 146
Trd, 001953.520, 145.0
Trd, 001953.560, 142
Trd, 001953.580, 140
Trd, 001958.400, 152.0
Trd, 001960.500, 161
Trd, 001974.560, 162
Trd, 001976.280, 140.0
Trd, 001982.920, 146.0
Trd, 001983.160, 144
Trd, 001983.960, 142.0
Trd, 001986.000, 139.0
Trd, 001989.240, 141
Trd, 001994.560, 151.0
Trd, 002004.560, 153
Trd, 002012.600, 140.0
Trd, 002012.660, 192.0
Trd, 002013.720, 155
Trd, 002014.120, 163
Trd, 002015.680, 157
Trd, 002015.900, 154
Trd, 002017.580, 160
Trd, 002018.040, 148
Trd, 002026.300, 160
Trd, 002042.700, 154
Trd, 002043.000, 188.0
Trd, 002043.040, 143
Trd, 002043.880, 130.0
Trd, 002043.960, 151.0
Trd, 002044.800, 164
Trd, 002047.480, 157
Trd, 002053.280, 162
Trd, 002073.160, 133.0
Trd, 002073.580, 141.0
Trd, 002074.180, 147.0
Trd, 002075.060, 153.0
Trd, 002075.620, 142
Trd, 002076.360, 155
Trd, 002084.900, 157
Trd, 002091.260, 140.0
Trd, 002097.360, 163
Trd, 002102.740, 157
Trd, 002102.860, 187.0
Trd, 002102.940, 131
Trd, 002103.060, 141.0
Trd, 002103.840, 134.0
Trd, 002104.480, 145.0
Trd, 002106.760, 156
Trd, 002114.340, 152
Trd, 002132.800, 180
Trd, 002133.320, 157
Trd, 002133.360, 142.0
Trd, 002134.200, 143
Trd, 002134.640, 146.0
Trd, 002135.620, 142
Trd, 002137.180, 145
Trd, 002147.160, 152
Trd, 002148.780, 155
Trd, 002162.880, 140.0
Trd, 002163.140, 152
Trd, 002163.540, 152.0
Trd, 002164.060, 152
Trd, 002164.660, 150
Trd, 002165.500, 150
Trd, 002167.780, 154
Trd, 002178.620, 158
Trd, 002192.880, 147.0
Trd, 002193.140, 151
Trd, 002193.200, 144.0
Trd, 002193.380, 146
Trd, 002194.480, 168
Trd, 002195.080, 154
Trd, 002201.720, 172
Trd, 002208.560, 163
Trd, 002222.920, 143.0
Trd, 002223.240, 151.0
Trd, 002224.420, 131.0
Trd, 002224.620, 139
Trd, 002224.900, 141.0
Trd, 002225.700, 146.0
Trd, 002230.980, 156
Trd, 002253.120, 147
Trd, 002253.260, 141.0
Trd, 002254.080, 133.0
Trd, 002254.280, 145.0
Trd, 002254.420, 153
Trd, 002254.460, 160
Trd, 002254.980, 144
Trd, 002258.980, 152.0
Trd, 002283.240, 147.0
Trd, 002283.500, 143
Trd, 002284.880, 144
Trd, 002285.000, 153.0
Trd, 002288.240, 171
Trd, 002288.340, 154
Trd, 002296.120, 157
Trd, 002313.160, 155
Trd, 002313.200, 147
Trd, 002313.380, 161
Trd, 002314.020, 147.0
Trd, 002314.260, 151.0
Trd, 002315.160, 140.0
Trd, 002319.420, 153
Trd, 002320.080, 139.0
Trd, 002343.120, 145.0
Trd, 002343.360, 150
Trd, 002343.640, 141
Trd, 002344.240, 151.0
Trd, 002344.500, 153
Trd, 002345.320, 139.0
Trd, 002345.580, 132.0
Trd, 002353.540, 160
Trd, 002373.480, 143
Trd, 002373.540, 140.0
Trd, 002374.240, 141
Trd, 002375.640, 145.0
Trd, 002377.600, 152.0
Trd, 002381.880, 147
Trd, 002389.520, 158
Trd, 002403.200, 160
Trd, 002403.320, 152.0
Trd, 002403.920, 156
Trd, 002403.980, 144.0
Trd, 002404.320, 131.0
Trd, 002406.380, 158
Trd, 002407.700, 161
Trd, 002409.700, 141
Trd, 002433.300, 132.0
Trd, 002433.620, 151
Trd, 002433.640, 151
Trd, 002434.160, 158
Trd, 002434.360, 150
Trd, 002436.440, 152.0
Trd, 002437.020, 144
Trd, 002440.980, 140.0
Trd, 002454.580, 161
Trd, 002463.400, 150
Trd, 002463.480, 145.0
Trd, 002463.960, 130.0
Trd, 002464.200, 131
Trd, 002464.760, 145.0
Trd, 002468.640, 152.0
Trd, 002471.000, 154
Trd, 002484.400, 162
Trd, 002493.340, 145
Trd, 002493.620, 164
Trd, 002493.760, 146
Trd, 002494.180, 152.0
Trd, 002496.020, 147.0
Trd, 002496.500, 143.0
Trd, 002499.020, 154
Trd, 002512.920, 139
Trd, 002523.560, 147
Trd, 002523.900, 145
Trd, 002524.220, 152.0
Trd, 002525.160, 147
Trd, 002525.360, 143.0
Trd, 002526.300, 152
Trd, 002528.660, 150
Trd, 002529.920, 154
Trd, 002534.620, 149
Trd, 002553.680, 150
Trd, 002553.940, 147.0
Trd, 002554.140, 147
Trd, 002554.640, 154
Trd, 002555.900, 134
Trd, 002557.640, 152.0
Trd, 002557.860, 143.0
Trd, 002568.900, 149
Trd, 002583.420, 149
Trd, 002583.440, 142.0
Trd, 002583.840, 155
Trd, 002583.880, 161
Trd, 002584.220, 163
Trd, 002584.660, 153.0
Trd, 002589.580, 131.0
Trd, 002592.520, 147.0
Trd, 002613.500, 152.0
Trd, 002613.720, 151
Trd, 002614.260, 144
Trd, 002614.680, 146.0
Trd, 002616.360, 143
Trd, 002618.240, 153
Trd, 002632.400, 156
Trd, 002640.080, 143.0
Trd, 002643.500, 153
Trd, 002643.980, 131.0
Trd, 002644.360, 132
Trd, 002644.740, 141.0
Trd, 002645.440, 140.0
Trd, 002646.640, 147.0
Trd, 002656.980, 153.0
Trd, 002667.600, 149
Trd, 002673.540, 163
Trd, 002673.940, 145.0
Trd, 002674.420, 158
Trd, 002674.500, 148
Trd, 002675.160, 153.0
Trd, 002675.700, 151
Trd, 002676.180, 145
Trd, 002677.500, 141.0
Trd, 002677.520, 155
Trd, 002704.020, 130.0
Trd, 002704.080, 141.0
Trd, 002704.740, 142
Trd, 002704.900, 152.0
Trd, 002705.460, 154
Trd, 002705.760, 147.0
Trd, 002707.420, 158
Trd, 002708.540, 147
Trd, 002733.840, 147
Trd, 002733.900, 153.0
Trd, 002734.000, 153
Trd, 002734.820, 147
Trd, 002735.900, 147.0
Trd, 002736.440, 153
Trd, 002742.200, 160
Trd, 002747.500, 141.0
Trd, 002749.320, 162
Trd, 002763.900, 143
Trd, 002764.240, 155
Trd, 002764.340, 146
Trd, 002764.860, 145
Trd, 002764.880, 146.0
Trd, 002765.500, 163
Trd, 002767.460, 157
Trd, 002773.800, 152.0
Trd, 002775.100, 142.0
Trd, 002793.720, 140.0
Trd, 002793.980, 144.0
Trd, 002795.400, 151.0
Trd, 002795.600, 148
Trd, 002795.880, 147.0
Trd, 002796.680, 145
Trd, 002800.180, 155
Trd, 002823.880, 132.0
Trd, 002824.180, 130.0
Trd, 002824.820, 142
Trd, 002826.580, 152.0
Trd, 002827.340, 142
Trd, 002831.360, 146.0
Trd, 002837.040, 150
Trd, 002853.820, 132.0
Trd, 002854.580, 145.0
Trd, 002854.720, 143
Trd, 002855.520, 145
Trd, 002855.780, 152.0
Trd, 002855.960, 143
Trd, 002859.120, 158
Trd, 002873.240, 167
Trd, 002883.980, 153.0
Trd, 002884.000, 173
Trd, 002884.040, 174
Trd, 002884.300, 154
Trd, 002884.360, 148
Trd, 002884.660, 161
Trd, 002884.760, 142.0
Trd, 002886.760, 133.0
Trd, 002908.820, 155
Trd, 002913.820, 131.0
Trd, 002914.020, 147.0
Trd, 002914.320, 170
Trd, 002914.480, 162
Trd, 002915.140, 145
Trd, 002915.820, 132.0
Trd, 002916.380, 146
Trd, 002924.540, 158
Trd, 002943.920, 147.0
Trd, 002944.380, 141.0
Trd, 002945.160, 153.0
Trd, 002945.220, 151
Trd, 002945.940, 152
Trd, 002947.360, 156
Trd, 002949.920, 148
Trd, 002957.040, 157
Trd, 002974.360, 147
Trd, 002974.540, 146
Trd, 002975.440, 141.0
Trd, 002975.500, 146.0
Trd, 002975.720, 153.0
Trd, 002978.160, 144.0
Trd, 002980.020, 153
Trd, 002982.860, 159
Trd, 003003.940, 133.0
Trd, 003004.760, 147
Trd, 003004.800, 147
Trd, 003004.880, 151.0
Trd, 003005.480, 150
Trd, 003005.500, 144
Trd, 003007.520, 152
Trd, 003007.560, 159
Trd, 003022.520, 156
Trd, 003034.060, 153
Trd, 003034.100, 142.0
Trd, 003034.260, 158
Trd, 003034.280, 151
Trd, 003034.760, 159
Trd, 003036.760, 152.0
Trd, 003039.380, 147
Trd, 003042.360, 147.0
Trd, 003050.600, 146
Trd, 003064.000, 191.0
Trd, 003064.620, 133.0
Trd, 003064.980, 145.0
Trd, 003065.460, 152.0
Trd, 003066.940, 131
Trd, 003070.520, 132.0
Trd, 003094.120, 188.0
Trd, 003094.640, 147
Trd, 003094.780, 153.0
Trd, 003095.240, 159
Trd, 003095.500, 145.0
Trd, 003095.660, 143
Trd, 003100.660, 130
Trd, 003104.280, 155
Trd, 003124.100, 131.0
Trd, 003124.360, 142.0
Trd, 003124.600, 138
Trd, 003124.740, 133
Trd, 003128.520, 147.0
Trd, 003154.260, 140.0
Trd, 003154.640, 143
Trd, 003155.720, 146.0
Trd, 003156.080, 151.0
Trd, 003158.020, 139.0
Trd, 003159.040, 154
Trd, 003170.440, 158
Trd, 003173.860, 143
Trd, 003184.540, 145.0
Trd, 003184.860, 142
Trd, 003185.000, 138
Trd, 003185.240, 139
Trd, 003187.260, 147.0
Trd, 003189.360, 152.0
Trd, 003189.520, 154
Trd, 003205.660, 159
Trd, 003214.220, 154
Trd, 003214.320, 134.0
Trd, 003214.540, 147
Trd, 003215.220, 130.0
Trd, 003216.400, 145.0
Trd, 003219.620, 151.0
Trd, 003223.780, 150
Trd, 003244.780, 145.0
Trd, 003244.960, 152.0
Trd, 003245.140, 145
Trd, 003247.780, 151
Trd, 003248.080, 148
Trd, 003252.520, 157
Trd, 003254.480, 157
Trd, 003256.980, 164
Trd, 003274.360, 185
Trd, 003274.400, 178
Trd, 003274.700, 162
Trd, 003274.900, 157
Trd, 003275.060, 156
Trd, 003276.120, 153
Trd, 003276.200, 160
Trd, 003277.260, 144.0
Trd, 003304.400, 151
Trd, 003304.640, 130.0
Trd, 003304.800, 145.0
Trd, 003305.260, 132.0
Trd, 003305.440, 163
Trd, 003308.340, 146
Trd, 003313.300, 153.0
Trd, 003334.540, 140.0
Trd, 003334.840, 161
Trd, 003334.980, 148
Trd, 003335.700, 149
Trd, 003336.180, 149
Trd, 003336.220, 149
Trd, 003336.480, 151.0
Trd, 003354.620, 160
Trd, 003364.820, 143.0
Trd, 003364.940, 145.0
Trd, 003365.780, 147
Trd, 003365.900, 153
Trd, 003366.040, 132.0
Trd, 003366.800, 153.0
Trd, 003366.860, 160
Trd, 003370.160, 155
Trd, 003383.180, 163
Trd, 003394.920, 133.0
Trd, 003395.200, 145.0
Trd, 003395.320, 147.0
Trd, 003395.400, 131.0
Trd, 003395.820, 151.0
Trd, 003397.080, 155
Trd, 003402.200, 142
Trd, 003408.420, 159
Trd, 003424.640, 149
Trd, 003426.400, 141.0
Trd, 003426.640, 146.0
Trd, 003426.680, 140.0
Trd, 003426.900, 130.0
Trd, 003427.800, 149
Trd, 003447.940, 152.0
Trd, 003449.800, 154
Trd, 003454.660, 130.0
Trd, 003455.360, 152.0
Trd, 003455.660, 135
Trd, 003455.880, 140.0
Trd, 003456.460, 147.0
Trd, 003456.780, 135
Trd, 003457.540, 153
Trd, 003461.060, 159
Trd, 003484.700, 164
Trd, 003484.960, 143.0
Trd, 003485.040, 142
Trd, 003485.140, 134
Trd, 003486.000, 145.0
Trd, 003488.280, 151.0
Trd, 003501.120, 140
Trd, 003515.200, 141.0
Trd, 003515.500, 143.0
Trd, 003516.540, 145.0
Trd, 003517.200, 140
Trd, 003520.640, 152.0
Trd, 003521.260, 154
Trd, 003521.480, 152
Trd, 003544.760, 148
Trd, 003544.980, 130.0
Trd, 003546.380, 144
Trd, 003551.440, 147.0
Trd, 003551.700, 151.0
Trd, 003553.120, 145
Trd, 003555.780, 155
Trd, 003574.720, 143
Trd, 003575.300, 141
Trd, 003575.320, 145.0
Trd, 003575.520, 154
Trd, 003576.140, 159
Trd, 003581.300, 141.0
Trd, 003584.860, 139.0
Trd, 003604.780, 187.0
Trd, 003605.920, 130.0
Trd, 003606.360, 132.0
Trd, 003608.580, 142.0
Trd, 003611.180, 146.0
Trd, 003611.620, 151.0
Trd, 003624.300, 140
Trd, 003634.960, 134.0
Trd, 003635.040, 132
Trd, 003635.280, 151.0
Trd, 003635.880, 145.0
Trd, 003635.960, 155
Trd, 003636.780, 144.0
Trd, 003638.060, 157
Trd, 003658.940, 158
Trd, 003665.200, 151.0
Trd, 003665.320, 155
Trd, 003665.360, 144
Trd, 003665.780, 145.0
Trd, 003665.900, 144
Trd, 003666.360, 143.0
Trd, 003669.680, 158
Trd, 003671.580, 165
Trd, 003674.960, 151
Trd, 003695.240, 133.0
Trd, 003695.560, 153.0
Trd, 003695.940, 145
Trd, 003695.960, 143
Trd, 003696.360, 141.0
Trd, 003698.480, 147.0
Trd, 003700.360, 154
Trd, 003711.240, 158
Trd, 003725.500, 154
Trd, 003725.520, 145
Trd, 003725.820, 145.0
Trd, 003726.440, 150
Trd, 003727.040, 147
Trd, 003727.660, 151.0
Trd, 003728.100, 155
Trd, 003754.960, 142
Trd, 003755.460, 190.0
Trd, 003755.600, 141.0
Trd, 003755.620, 138
Trd, 003757.440, 142.0
Trd, 003757.580, 146.0
Trd, 003765.900, 156
Trd, 003773.040, 151
Trd, 003785.400, 150
Trd, 003786.160, 152
Trd, 003786.260, 148
Trd, 003786.660, 147.0
Trd, 003787.780, 153.0
Trd, 003788.020, 161
Trd, 003793.140, 148
Trd, 003813.400, 151
Trd, 003815.240, 155
Trd, 003815.440, 131.0
Trd, 003815.880, 132.0
Trd, 003816.340, 145
Trd, 003816.580, 146.0
Trd, 003817.140, 141.0
Trd, 003821.080, 151.0
Trd, 003845.120, 133.0
Trd, 003845.720, 130.0
Trd, 003845.780, 155
Trd, 003846.240, 142.0
Trd, 003846.920, 146.0
Trd, 003848.800, 143
Trd, 003859.260, 151.0
Trd, 003875.380, 132.0
Trd, 003875.500, 140.0
Trd, 003875.720, 133.0
Trd, 003876.320, 145.0
Trd, 003876.540, 141
Trd, 003888.620, 152.0
Trd, 003895.920, 157
Trd, 003905.380, 141.0
Trd, 003905.780, 142
Trd, 003905.900, 133.0
Trd, 003906.320, 157
Trd, 003911.080, 147.0
Trd, 003911.520, 143.0
Trd, 003914.860, 151.0
Trd, 003915.700, 153
Trd, 003935.200, 156
Trd, 003935.280, 144.0
Trd, 003935.520, 135
Trd, 003935.800, 190.0
Trd, 003936.340, 155
Trd, 003936.820, 158
Trd, 003939.080, 145.0
Trd, 003953.000, 160
Trd, 003965.220, 142.0
Trd, 003965.420, 161
Trd, 003965.860, 147
Trd, 003966.040, 144.0
Trd, 003966.560, 132.0
Trd, 003968.300, 147.0
Trd, 003970.980, 151.0
Trd, 003972.360, 141
Trd, 003995.520, 152.0
Trd, 003995.640, 151
Trd, 003996.120, 132.0
Trd, 003998.120, 132.0
Trd, 004000.840, 138.0
Trd, 004001.300, 140.0
Trd, 004002.840, 139.0
Trd, 004015.900, 138.0
Trd, 004025.260, 131.0
Trd, 004025.660, 140
Trd, 004025.980, 138
Trd, 004026.960, 134.0
Trd, 004027.400, 140.0
Trd, 004031.620, 142.0
Trd, 004032.700, 147.0
Trd, 004032.800, 136
Trd, 004036.520, 152.0
Trd, 004037.500, 152
Trd, 004055.740, 140.0
Trd, 004056.060, 146.0
Trd, 004056.280, 144
Trd, 004056.380, 142
Trd, 004056.900, 144
Trd, 004057.680, 141
Trd, 004058.280, 141
Trd, 004059.180, 152.0
Trd, 004061.800, 140.0
Trd, 004076.640, 153
Trd, 004085.540, 146.0
Trd, 004085.560, 139.0
Trd, 004086.500, 144
Trd, 004086.600, 144.0
Trd, 004086.640, 141
Trd, 004087.280, 145
Trd, 004087.300, 147.0
Trd, 004088.680, 147.0
Trd, 004107.680, 153.0
Trd, 004108.940, 157
Trd, 004115.280, 148
Trd, 004115.440, 141.0
Trd, 004115.820, 130.0
Trd, 004116.060, 132.0
Trd, 004116.280, 136.0
Trd, 004116.360, 145.0
Trd, 004116.740, 136
Trd, 004116.980, 148
Trd, 004118.840, 151
Trd, 004119.480, 151.0
Trd, 004145.560, 146
Trd, 004146.200, 147
Trd, 004146.240, 151.0
Trd, 004147.300, 143.0
Trd, 004147.440, 142
Trd, 004147.640, 140.0
Trd, 004147.940, 142.0
Trd, 004149.640, 145.0
Trd, 004150.100, 153
Trd, 004153.980, 153
Trd, 004162.800, 159
Trd, 004175.840, 150.0
Trd, 004176.080, 146
Trd, 004176.340, 144.0
Trd, 004176.680, 143
Trd, 004176.800, 134
Trd, 004176.900, 145.0
Trd, 004177.120, 148
Trd, 004179.700, 152
Trd, 004179.900, 153.0
Trd, 004205.420, 131.0
Trd, 004205.800, 188.0
Trd, 004206.200, 143
Trd, 004206.260, 146.0
Trd, 004206.440, 152.0
Trd, 004206.780, 159
Trd, 004207.180, 143
Trd, 004208.340, 154
Trd, 004210.360, 139.0
Trd, 004210.400, 139.0
Trd, 004210.560, 156
Trd, 004235.440, 130.0
Trd, 004235.620, 189.0
Trd, 004235.840, 186
Trd, 004236.100, 145
Trd, 004236.980, 141.0
Trd, 004237.900, 147.0
Trd, 004239.100, 149.0
Trd, 004239.480, 151.0
Trd, 004246.900, 152.0
Trd, 004263.940, 160.0
Trd, 004265.600, 146.0
Trd, 004265.880, 153
Trd, 004265.960, 143.0
Trd, 004266.020, 142.0
Trd, 004266.500, 145.0
Trd, 004267.780, 152
Trd, 004268.240, 147
Trd, 004269.820, 144
Trd, 004270.100, 137.0
Trd, 004271.880, 153
Trd, 004282.700, 158
Trd, 004295.740, 152.0
Trd, 004295.800, 162.0
Trd, 004296.060, 149
Trd, 004296.340, 150
Trd, 004296.400, 149
Trd, 004296.560, 141.0
Trd, 004296.700, 142
Trd, 004297.440, 142.0
Trd, 004298.500, 136.0
Trd, 004299.880, 138.0
Trd, 004312.400, 146.0
Trd, 004325.740, 148
Trd, 004325.880, 149.0
Trd, 004326.200, 149.0
Trd, 004326.380, 145
Trd, 004326.520, 145
Trd, 004326.560, 141
Trd, 004327.160, 141.0
Trd, 004327.400, 153.0
Trd, 004332.120, 143.0
Trd, 004333.060, 154
Trd, 004355.560, 132.0
Trd, 004355.780, 139
Trd, 004356.200, 139.0
Trd, 004356.480, 138.0
Trd, 004356.920, 141.0
Trd, 004357.160, 146.0
Trd, 004357.200, 142
Trd, 004358.380, 145
Trd, 004361.960, 152.0
Trd, 004364.360, 148
Trd, 004375.900, 147
Trd, 004385.760, 145.0
Trd, 004385.820, 142
Trd, 004386.120, 141.0
Trd, 004386.300, 141.0
Trd, 004386.620, 143
Trd, 004386.900, 140
Trd, 004388.320, 140.0
Trd, 004389.500, 145.0
Trd, 004398.540, 153.0
Trd, 004406.400, 154
Trd, 004416.060, 133.0
Trd, 004416.600, 140.0
Trd, 004416.760, 139
Trd, 004417.320, 142.0
Trd, 004418.000, 143
Trd, 004418.140, 145
Trd, 004418.480, 142.0
Trd, 004423.400, 146.0
Trd, 004431.040, 152.0
Trd, 004439.760, 154
Trd, 004445.740, 132.0
Trd, 004446.060, 136.0
Trd, 004446.240, 134.0
Trd, 004446.500, 138.0
Trd, 004446.740, 140.0
Trd, 004447.400, 141
Trd, 004447.620, 145.0
Trd, 004451.760, 142
Trd, 004454.320, 151.0
Trd, 004468.500, 153
Trd, 004475.860, 144
Trd, 004476.000, 146.0
Trd, 004476.220, 147.0
Trd, 004476.520, 149
Trd, 004476.660, 143
Trd, 004477.880, 145
Trd, 004478.060, 143.0
Trd, 004479.080, 152.0
Trd, 004482.640, 139
Trd, 004485.100, 147
Trd, 004488.940, 154
Trd, 004505.700, 130.0
Trd, 004505.780, 140.0
Trd, 004505.960, 132.0
Trd, 004506.360, 147.0
Trd, 004506.540, 148.0
Trd, 004506.600, 145.0
Trd, 004507.020, 143.0
Trd, 004507.520, 153.0
Trd, 004510.980, 145
Trd, 004515.780, 150.0
Trd, 004517.520, 156
Trd, 004535.680, 141.0
Trd, 004536.000, 146.0
Trd, 004536.080, 136
Trd, 004536.340, 136
Trd, 004536.700, 139.0
Trd, 004537.020, 143
Trd, 004537.080, 149
Trd, 004537.860, 135
Trd, 004546.080, 152.0
Trd, 004557.840, 150.0
Trd, 004563.820, 148
Trd, 004565.500, 153
Trd, 004565.880, 152.0
Trd, 004566.020, 153
Trd, 004566.220, 147
Trd, 004566.400, 140.0
Trd, 004566.640, 153
Trd, 004567.580, 147
Trd, 004567.620, 134.0
Trd, 004569.220, 140.0
Trd, 004571.140, 137.0
Trd, 004575.240, 130
Trd, 004577.180, 155
Trd, 004595.880, 153.0
Trd, 004596.480, 154
Trd, 004596.580, 153
Trd, 004596.620, 152
Trd, 004597.020, 158
Trd, 004597.540, 152.0
Trd, 004597.680, 151
Trd, 004598.920, 140.0
Trd, 004599.140, 139.0
Trd, 004606.300, 135.0
Trd, 004625.780, 131.0
Trd, 004626.380, 152.0
Trd, 004626.520, 157
Trd, 004626.680, 150
Trd, 004627.260, 149
Trd, 004627.580, 145.0
Trd, 004628.440, 140.0
Trd, 004628.500, 146.0
Trd, 004629.480, 152.0
Trd, 004633.900, 133
Trd, 004640.020, 153
Trd, 004656.180, 130.0
Trd, 004656.240, 137.0
Trd, 004656.500, 139.0
Trd, 004656.620, 132.0
Trd, 004656.900, 141.0
Trd, 004657.600, 146.0
Trd, 004658.240, 153.0
Trd, 004658.400, 149
Trd, 004660.640, 146
Trd, 004661.260, 154
Trd, 004670.420, 158
Trd, 004686.060, 153.0
Trd, 004686.580, 154
Trd, 004686.720, 155
Trd, 004686.800, 152
Trd, 004687.020, 152
Trd, 004687.620, 144
Trd, 004687.860, 143.0
Trd, 004688.260, 139.0
Trd, 004688.360, 137
Trd, 004690.580, 134.0
Trd, 004706.480, 154
Trd, 004716.020, 152.0
Trd, 004716.040, 145
Trd, 004716.120, 135.0
Trd, 004716.620, 134.0
Trd, 004716.780, 138.0
Trd, 004716.980, 146.0
Trd, 004717.220, 154
Trd, 004717.240, 158
Trd, 004718.620, 149.0
Trd, 004719.040, 140.0
Trd, 004720.480, 151.0
Trd, 004745.480, 161.0
Trd, 004745.920, 188.0
Trd, 004746.220, 162
Trd, 004746.300, 157
Trd, 004746.460, 147
Trd, 004746.500, 133
Trd, 004746.640, 141
Trd, 004749.100, 142
Trd, 004749.320, 159
Trd, 004749.800, 140.0
Trd, 004751.540, 151.0
Trd, 004761.080, 142
Trd, 004761.620, 161.0
Trd, 004776.040, 144
Trd, 004776.220, 152.0
Trd, 004776.400, 151
Trd, 004776.620, 156.0
Trd, 004777.380, 150
Trd, 004777.760, 155.0
Trd, 004778.480, 150
Trd, 004779.160, 149
Trd, 004780.680, 142.0
Trd, 004794.040, 146.0
Trd, 004804.820, 158
Trd, 004806.120, 158
Trd, 004806.160, 156.0
Trd, 004806.500, 159
Trd, 004806.520, 156
Trd, 004806.540, 162
Trd, 004806.560, 152
Trd, 004807.920, 150
Trd, 004808.780, 142.0
Trd, 004809.200, 145.0
Trd, 004809.660, 137
Trd, 004824.600, 154
Trd, 004836.280, 154
Trd, 004836.320, 150.0
Trd, 004836.620, 159
Trd, 004836.720, 147
Trd, 004836.740, 142.0
Trd, 004837.660, 136.0
Trd, 004837.680, 135.0
Trd, 004838.660, 132.0
Trd, 004842.840, 140.0
Trd, 004854.260, 151.0
Trd, 004861.160, 157
Trd, 004865.940, 140.0
Trd, 004866.020, 155
Trd, 004866.340, 153.0
Trd, 004866.740, 141
Trd, 004867.160, 139
Trd, 004867.300, 142.0
Trd, 004867.460, 135.0
Trd, 004867.540, 147.0
Trd, 004869.080, 158
Trd, 004870.820, 155
Trd, 004872.000, 159
Trd, 004876.480, 151
Trd, 004895.920, 142.0
Trd, 004896.040, 159
Trd, 004896.160, 149
Trd, 004896.400, 162.0
Trd, 004896.520, 140.0
Trd, 004896.740, 150
Trd, 004896.820, 151.0
Trd, 004897.280, 140.0
Trd, 004897.360, 156
Trd, 004899.420, 140
Trd, 004902.260, 140
Trd, 004905.900, 147.0
Trd, 004926.080, 189.0
Trd, 004926.280, 160
Trd, 004926.520, 136.0
Trd, 004927.180, 142.0
Trd, 004927.460, 145.0
Trd, 004927.700, 134.0
Trd, 004928.580, 134.0
Trd, 004930.360, 147.0
Trd, 004931.160, 153.0
Trd, 004932.480, 141
Trd, 004956.200, 137.0
Trd, 004956.400, 132
Trd, 004956.560, 140.0
Trd, 004956.740, 136.0
Trd, 004956.880, 140.0
Trd, 004956.960, 134
Trd, 004957.740, 146.0
Trd, 004958.260, 140.0
Trd, 004959.220, 152.0
Trd, 004965.520, 154
Trd, 004972.260, 159
Trd, 004975.080, 145
Trd, 004986.060, 163
Trd, 004986.140, 144
Trd, 004986.280, 143
Trd, 004986.500, 141.0
Trd, 004986.900, 142.0
Trd, 004987.320, 140
Trd, 004987.520, 146.0
Trd, 004987.560, 134.0
Trd, 004987.860, 152.0
Trd, 004988.480, 140
Trd, 004994.900, 153
