Trd, 000030.100, 54.0
Trd, 000030.360, 75.0
Trd, 000030.540, 111
Trd, 000030.860, 104.0
Trd, 000031.080, 101
Trd, 000031.280, 109
Trd, 000031.920, 109
Trd, 000032.280, 105.0
Trd, 000034.620, 108
Trd, 000036.960, 108
Trd, 000038.640, 106
Trd, 000040.240, 103
Trd, 000041.280, 106
Trd, 000042.260, 102
Trd, 000060.100, 123
Trd, 000060.140, 110
Trd, 000060.440, 101
Trd, 000060.480, 113
Trd, 000060.800, 104.0
Trd, 000061.020, 95
Trd, 000062.660, 105
Trd, 000063.420, 104
Trd, 000064.860, 105
Trd, 000066.080, 106
Trd, 000067.920, 104
Trd, 000068.380, 108.0
Trd, 000080.460, 94
Trd, 000090.280, 62.0
Trd, 000090.480, 62
Trd, 000090.660, 75.0
Trd, 000091.280, 110
Trd, 000092.400, 105
Trd, 000092.800, 105
Trd, 000093.380, 104.0
Trd, 000095.000, 104
Trd, 000095.480, 105
Trd, 000096.300, 105
Trd, 000107.320, 109
Trd, 000109.840, 104
Trd, 000120.360, 54.0
Trd, 000120.800, 115
Trd, 000120.880, 108
Trd, 000121.840, 109
Trd, 000121.980, 107
Trd, 000122.400, 108
Trd, 000122.680, 107
Trd, 000123.820, 107
Trd, 000125.160, 104.0
Trd, 000133.360, 107
Trd, 000150.280, 104
Trd, 000150.500, 145.0
Trd, 000150.580, 123
Trd, 000150.920, 108
Trd, 000151.200, 116
Trd, 000151.320, 112
Trd, 000152.320, 108
Trd, 000152.900, 108.0
Trd, 000154.320, 110
Trd, 000154.700, 109
Trd, 000154.820, 110
Trd, 000163.980, 104.0
Trd, 000166.500, 100.0
Trd, 000180.260, 116
Trd, 000180.600, 112
Trd, 000180.780, 110
Trd, 000181.220, 126
Trd, 000181.900, 112.0
Trd, 000182.120, 112
Trd, 000185.700, 109
Trd, 000185.900, 111
Trd, 000186.000, 108.0
Trd, 000186.040, 116
Trd, 000187.000, 104.0
Trd, 000194.200, 109.0
Trd, 000204.100, 100.0
Trd, 000210.280, 54.0
Trd, 000210.580, 75.0
Trd, 000210.680, 93
Trd, 000211.020, 108
Trd, 000211.240, 110
Trd, 000211.440, 89
Trd, 000212.700, 115
Trd, 000214.240, 113
Trd, 000215.320, 115
Trd, 000217.280, 111
Trd, 000219.220, 116
Trd, 000220.940, 108.0
Trd, 000226.860, 107
Trd, 000240.600, 112.0
Trd, 000240.660, 115
Trd, 000240.840, 128.0
Trd, 000241.980, 115
Trd, 000242.580, 114
Trd, 000242.620, 110
Trd, 000242.940, 115
Trd, 000244.080, 115
Trd, 000244.220, 111
Trd, 000245.320, 108.0
Trd, 000247.120, 104.0
Trd, 000248.220, 116
Trd, 000251.540, 100.0
Trd, 000270.480, 75.0
Trd, 000270.580, 115
Trd, 000271.100, 104.0
Trd, 000271.180, 104
Trd, 000271.320, 116
Trd, 000271.900, 108
Trd, 000272.200, 108
Trd, 000272.400, 109
Trd, 000272.540, 106
Trd, 000274.480, 108
Trd, 000275.320, 107
Trd, 000275.960, 100.0
Trd, 000282.720, 107
Trd, 000289.080, 94
Trd, 000300.780, 107
Trd, 000301.160, 107
Trd, 000301.180, 107
Trd, 000301.220, 108.0
Trd, 000301.780, 104.0
Trd, 000302.080, 106
Trd, 000302.180, 101.0
Trd, 000302.220, 106
Trd, 000303.220, 107
Trd, 000305.840, 109
Trd, 000306.600, 116
Trd, 000311.900, 100.0
Trd, 000317.220, 116
Trd, 000328.320, 93
Trd, 000330.380, 150.0
Trd, 000331.240, 108
Trd, 000331.540, 110
Trd, 000331.660, 108.0
Trd, 000331.760, 104.0
Trd, 000332.160, 104
Trd, 000332.320, 106
Trd, 000332.460, 104
Trd, 000332.980, 104
Trd, 000333.400, 102
Trd, 000341.180, 101
Trd, 000344.700, 100.0
Trd, 000354.020, 98
Trd, 000357.060, 94
Trd, 000360.540, 104.0
Trd, 000360.580, 97
Trd, 000360.700, 129.0
Trd, 000360.920, 100
Trd, 000361.320, 98
Trd, 000361.360, 106
Trd, 000362.140, 101
Trd, 000362.540, 97
Trd, 000363.680, 98
Trd, 000365.260, 100
Trd, 000367.220, 99
Trd, 000368.820, 105
Trd, 000370.820, 108.0
Trd, 000390.440, 62.0
Trd, 000390.780, 150.0
Trd, 000391.200, 143
Trd, 000391.540, 112.0
Trd, 000392.880, 118
Trd, 000393.740, 118
Trd, 000393.880, 118
Trd, 000395.820, 114
Trd, 000397.380, 114
Trd, 000399.580, 108.0
Trd, 000406.100, 110
Trd, 000409.560, 104.0
Trd, 000411.700, 100.0
Trd, 000420.560, 107
Trd, 000420.840, 108
Trd, 000420.940, 112.0
Trd, 000421.080, 150
Trd, 000421.280, 120
Trd, 000421.900, 120
Trd, 000423.460, 120
Trd, 000424.000, 113
Trd, 000425.640, 118
Trd, 000431.420, 110
Trd, 000434.080, 108.0
Trd, 000450.580, 75.0
Trd, 000451.240, 120
Trd, 000451.300, 108
Trd, 000453.200, 114
Trd, 000454.420, 113
Trd, 000455.780, 110
Trd, 000456.640, 111
Trd, 000456.980, 108.0
Trd, 000457.360, 104.0
Trd, 000458.360, 112
Trd, 000459.140, 100.0
Trd, 000460.000, 107
Trd, 000461.780, 113
Trd, 000480.580, 91
Trd, 000480.740, 109
Trd, 000480.780, 75.0
Trd, 000480.940, 80
Trd, 000481.060, 114
Trd, 000481.400, 126.0
Trd, 000482.400, 116
Trd, 000482.860, 116
Trd, 000483.840, 114
Trd, 000485.960, 115.0
Trd, 000489.320, 112.0
Trd, 000502.420, 113
Trd, 000510.760, 150.0
Trd, 000510.780, 93
Trd, 000511.900, 121
Trd, 000512.020, 118
Trd, 000512.360, 114
Trd, 000512.860, 118
Trd, 000515.180, 117.0
Trd, 000516.080, 112.0
Trd, 000517.620, 113
Trd, 000518.000, 112
Trd, 000518.700, 110
Trd, 000521.860, 108.0
Trd, 000525.860, 104.0
Trd, 000533.900, 100.0
Trd, 000540.640, 104
Trd, 000540.840, 104.0
Trd, 000541.560, 95
Trd, 000542.020, 99
Trd, 000542.300, 100
Trd, 000542.840, 103
Trd, 000543.540, 103
Trd, 000544.220, 105
Trd, 000552.400, 108.0
Trd, 000553.360, 102
Trd, 000554.140, 102
Trd, 000570.820, 108
Trd, 000570.920, 116
Trd, 000571.100, 116
Trd, 000571.720, 108
Trd, 000571.820, 106
Trd, 000571.840, 112
Trd, 000572.040, 104
Trd, 000572.380, 106
Trd, 000572.400, 104.0
Trd, 000575.280, 106
Trd, 000579.200, 108
Trd, 000591.860, 105
Trd, 000600.900, 112.0
Trd, 000601.260, 111
Trd, 000601.600, 116
Trd, 000601.820, 119
Trd, 000601.840, 117
Trd, 000601.920, 114
Trd, 000602.460, 114
Trd, 000602.680, 115
Trd, 000604.280, 112
Trd, 000609.060, 109
Trd, 000625.700, 108.0
Trd, 000630.940, 112
Trd, 000631.120, 111
Trd, 000631.440, 108
Trd, 000631.500, 111
Trd, 000631.640, 112
Trd, 000631.680, 94
Trd, 000631.760, 111
Trd, 000634.460, 111
Trd, 000635.980, 104.0
Trd, 000638.240, 102
Trd, 000638.380, 108
Trd, 000638.980, 108
Trd, 000649.760, 116
Trd, 000660.940, 130
Trd, 000660.960, 111
Trd, 000661.260, 117
Trd, 000661.320, 112
Trd, 000661.380, 117
Trd, 000661.640, 106.0
Trd, 000662.280, 115
Trd, 000663.040, 112.0
Trd, 000663.180, 112
Trd, 000665.640, 109
Trd, 000666.640, 108.0
Trd, 000668.860, 104.0
Trd, 000670.640, 100.0
Trd, 000675.960, 94
Trd, 000678.220, 91.0
Trd, 000690.940, 115
Trd, 000690.960, 112.0
Trd, 000691.160, 104.0
Trd, 000691.220, 100.0
Trd, 000691.580, 110
Trd, 000692.120, 110
Trd, 000693.180, 109
Trd, 000693.820, 116
Trd, 000694.680, 123.0
Trd, 000699.500, 110
Trd, 000702.620, 108.0
Trd, 000711.940, 107
Trd, 000721.040, 120
Trd, 000721.260, 120
Trd, 000721.460, 119
Trd, 000721.660, 100.0
Trd, 000722.160, 91.0
Trd, 000722.640, 112
Trd, 000723.380, 112
Trd, 000723.960, 105.0
Trd, 000726.360, 105
Trd, 000729.600, 106
Trd, 000731.000, 116
Trd, 000733.380, 104.0
Trd, 000751.160, 62.0
Trd, 000751.280, 96
Trd, 000751.500, 106
Trd, 000752.300, 107.0
Trd, 000752.380, 97
Trd, 000752.620, 107
Trd, 000752.920, 96
Trd, 000753.140, 106
Trd, 000755.260, 108.0
Trd, 000755.440, 100
Trd, 000758.540, 100.0
Trd, 000759.680, 107
Trd, 000781.000, 54.0
Trd, 000781.100, 75.0
Trd, 000781.800, 104
Trd, 000781.880, 109
Trd, 000782.760, 103
Trd, 000782.980, 98
Trd, 000783.220, 102
Trd, 000784.720, 101.0
Trd, 000785.400, 100.0
Trd, 000790.300, 101
Trd, 000794.400, 108.0
Trd, 000801.380, 99
Trd, 000802.540, 100
Trd, 000810.980, 94
Trd, 000811.140, 103
Trd, 000811.160, 105
Trd, 000811.420, 112.0
Trd, 000812.300, 108
Trd, 000812.440, 100
Trd, 000813.300, 100.0
Trd, 000815.680, 100
Trd, 000817.920, 104
Trd, 000819.840, 104
Trd, 000825.080, 105
Trd, 000825.720, 108.0
Trd, 000828.820, 109
Trd, 000830.400, 107
Trd, 000841.160, 107
Trd, 000841.340, 104.0
Trd, 000841.500, 100.0
Trd, 000842.080, 106
Trd, 000842.280, 107
Trd, 000842.400, 107
Trd, 000843.000, 106
Trd, 000844.160, 107
Trd, 000844.440, 108.0
Trd, 000844.540, 117
Trd, 000848.120, 107
Trd, 000848.840, 110
Trd, 000866.300, 108
Trd, 000871.180, 150.0
Trd, 000871.740, 123
Trd, 000871.900, 113.0
Trd, 000872.760, 123
Trd, 000872.840, 112.0
Trd, 000873.640, 111
Trd, 000875.200, 111
Trd, 000875.780, 111
Trd, 000877.180, 111
Trd, 000877.860, 110
Trd, 000878.840, 108.0
Trd, 000881.720, 104.0
Trd, 000896.620, 100.0
Trd, 000901.120, 150.0
Trd, 000901.360, 112.0
Trd, 000902.280, 110
Trd, 000902.360, 111
Trd, 000902.460, 112
Trd, 000903.460, 109.0
Trd, 000903.720, 110
Trd, 000905.040, 108.0
Trd, 000906.840, 106
Trd, 000912.680, 108
Trd, 000913.980, 105
Trd, 000924.880, 104.0
Trd, 000931.340, 110
Trd, 000931.500, 104.0
Trd, 000931.600, 112.0
Trd, 000931.620, 103
Trd, 000931.740, 94
Trd, 000931.820, 129.0
Trd, 000932.400, 94
Trd, 000934.960, 128.0
Trd, 000937.780, 115
Trd, 000938.940, 112
Trd, 000940.620, 111
Trd, 000945.100, 108.0
Trd, 000946.700, 112
Trd, 000948.880, 93
Trd, 000961.180, 54.0
Trd, 000961.660, 125
Trd, 000962.400, 119
Trd, 000962.600, 119
Trd, 000964.160, 115
Trd, 000964.500, 113.0
Trd, 000964.680, 116
Trd, 000965.120, 112.0
Trd, 000965.520, 116
Trd, 000967.780, 112
Trd, 000977.920, 108.0
Trd, 000989.960, 104.0
Trd, 000991.240, 150.0
Trd, 000991.480, 112.0
Trd, 000991.680, 108.0
Trd, 000992.440, 98
Trd, 000992.460, 99
Trd, 000992.480, 94
Trd, 000992.780, 104.0
Trd, 000994.420, 102
Trd, 000996.180, 105
Trd, 000998.360, 105
Trd, 001000.080, 100
Trd, 001000.880, 100.0
Trd, 001019.280, 99
Trd, 001021.260, 62.0
Trd, 001021.580, 54.0
Trd, 001022.600, 89
Trd, 001023.660, 115
Trd, 001024.280, 112
Trd, 001025.300, 106
Trd, 001025.320, 108.0
Trd, 001026.680, 104.0
Trd, 001027.120, 103
Trd, 001029.640, 105.0
Trd, 001033.600, 103
Trd, 001035.580, 102
Trd, 001041.900, 100.0
Trd, 001051.400, 84
Trd, 001051.760, 125
Trd, 001051.920, 125.0
Trd, 001052.060, 112.0
Trd, 001052.800, 104.0
Trd, 001053.280, 108
Trd, 001053.880, 108
Trd, 001055.020, 108
Trd, 001055.940, 106
Trd, 001061.040, 105
Trd, 001061.920, 108
Trd, 001062.820, 102
Trd, 001078.300, 100.0
Trd, 001081.340, 104.0
Trd, 001081.440, 150.0
Trd, 001081.520, 89
Trd, 001082.000, 112.0
Trd, 001082.160, 101.0
Trd, 001083.500, 111
Trd, 001084.080, 112
Trd, 001084.100, 112
Trd, 001084.140, 108
Trd, 001085.260, 116
Trd, 001091.660, 108.0
Trd, 001093.920, 104
Trd, 001104.940, 100.0
Trd, 001111.660, 105
Trd, 001112.120, 129
Trd, 001112.140, 112.0
Trd, 001112.240, 112
Trd, 001112.440, 114
Trd, 001112.520, 124.0
Trd, 001113.800, 117
Trd, 001115.360, 113
Trd, 001116.240, 108.0
Trd, 001121.400, 107
Trd, 001128.660, 104.0
Trd, 001130.800, 107
Trd, 001139.900, 100.0
Trd, 001141.480, 54.0
Trd, 001141.740, 129.0
Trd, 001142.200, 118
Trd, 001142.420, 115
Trd, 001142.540, 126
Trd, 001143.260, 127
Trd, 001145.760, 115
Trd, 001147.040, 112.0
Trd, 001148.960, 108.0
Trd, 001149.080, 108
Trd, 001151.620, 104.0
Trd, 001153.580, 100.0
Trd, 001153.920, 93
Trd, 001154.600, 91.0
Trd, 001154.640, 108
Trd, 001161.420, 116
Trd, 001171.520, 54.0
Trd, 001171.660, 99
Trd, 001171.920, 86
Trd, 001172.480, 127.0
Trd, 001173.220, 125.0
Trd, 001176.040, 121
Trd, 001178.580, 119
Trd, 001182.900, 116
Trd, 001185.660, 112.0
Trd, 001186.520, 113
Trd, 001189.980, 108.0
Trd, 001191.720, 104.0
Trd, 001202.160, 112
Trd, 001202.200, 111
Trd, 001202.300, 110
Trd, 001202.660, 111
Trd, 001202.840, 112
Trd, 001203.560, 110
Trd, 001204.300, 109
Trd, 001205.320, 108.0
Trd, 001206.580, 109
Trd, 001210.380, 105.0
Trd, 001213.680, 104.0
Trd, 001221.240, 108.0
Trd, 001231.660, 107
Trd, 001232.680, 107
Trd, 001233.240, 107
Trd, 001233.900, 108
Trd, 001233.940, 107
Trd, 001234.440, 107.0
Trd, 001234.740, 106
Trd, 001234.800, 108.0
Trd, 001235.800, 110
Trd, 001237.360, 105
Trd, 001237.920, 116
Trd, 001238.760, 104.0
Trd, 001243.780, 100.0
Trd, 001246.340, 94
Trd, 001251.520, 91.0
Trd, 001261.940, 106.0
Trd, 001262.080, 105.0
Trd, 001262.260, 104.0
Trd, 001262.320, 106
Trd, 001262.520, 78
Trd, 001263.260, 106
Trd, 001267.760, 104
Trd, 001269.900, 104
Trd, 001272.860, 108.0
Trd, 001278.460, 100
Trd, 001280.220, 100.0
Trd, 001284.440, 97
Trd, 001291.740, 130
Trd, 001291.900, 105
Trd, 001291.920, 97
Trd, 001292.240, 96
Trd, 001292.300, 113
Trd, 001293.640, 114
Trd, 001294.340, 112.0
Trd, 001294.940, 112
Trd, 001296.520, 111
Trd, 001303.320, 111
Trd, 001304.420, 108.0
Trd, 001307.580, 104.0
Trd, 001308.440, 100.0
Trd, 001321.860, 104.0
Trd, 001322.100, 129.0
Trd, 001322.440, 148
Trd, 001322.740, 117
Trd, 001322.820, 116
Trd, 001322.940, 103
Trd, 001322.960, 100.0
Trd, 001323.920, 112
Trd, 001324.380, 110
Trd, 001328.360, 104
Trd, 001328.380, 106
Trd, 001330.560, 106
Trd, 001351.740, 106
Trd, 001352.020, 112.0
Trd, 001352.400, 150.0
Trd, 001352.740, 120
Trd, 001352.820, 107
Trd, 001353.140, 107
Trd, 001354.040, 126
Trd, 001354.420, 105
Trd, 001355.120, 105.0
Trd, 001358.060, 110
Trd, 001359.500, 108
Trd, 001381.960, 114
Trd, 001382.060, 105
Trd, 001382.260, 108
Trd, 001382.460, 109
Trd, 001382.760, 109
Trd, 001382.820, 108
Trd, 001382.960, 110
Trd, 001384.340, 112
Trd, 001384.440, 106.0
Trd, 001384.700, 104.0
Trd, 001390.820, 110
Trd, 001403.180, 100.0
Trd, 001412.180, 101
Trd, 001412.420, 103
Trd, 001412.720, 109
Trd, 001414.120, 107
Trd, 001414.140, 108
Trd, 001414.620, 105.0
Trd, 001416.740, 106
Trd, 001419.140, 105
Trd, 001423.460, 104.0
Trd, 001430.160, 108.0
Trd, 001430.520, 103
Trd, 001435.240, 102
Trd, 001439.740, 100.0
Trd, 001441.920, 75.0
Trd, 001441.960, 60
Trd, 001442.080, 107
Trd, 001442.380, 107
Trd, 001442.860, 92
Trd, 001442.960, 91
Trd, 001443.460, 92
Trd, 001443.980, 92
Trd, 001445.200, 100
Trd, 001445.960, 108.0
Trd, 001452.720, 109
Trd, 001460.060, 110
Trd, 001466.000, 116
Trd, 001469.040, 108
Trd, 001472.200, 107
Trd, 001472.280, 109
Trd, 001472.520, 125
Trd, 001472.560, 104.0
Trd, 001472.580, 126
Trd, 001472.600, 77
Trd, 001472.860, 75.0
Trd, 001473.460, 119
Trd, 001476.240, 108.0
Trd, 001477.760, 109
Trd, 001479.100, 102
Trd, 001481.100, 108
Trd, 001488.180, 104
Trd, 001501.900, 75.0
Trd, 001503.060, 107
Trd, 001504.520, 111
Trd, 001505.020, 110
Trd, 001505.800, 113.0
Trd, 001506.680, 113
Trd, 001507.020, 112.0
Trd, 001508.780, 110
Trd, 001511.080, 111
Trd, 001511.800, 108
Trd, 001511.980, 110
Trd, 001532.160, 75.0
Trd, 001532.600, 88
Trd, 001532.800, 88
Trd, 001532.920, 89
Trd, 001533.240, 99
Trd, 001533.260, 108.0
Trd, 001533.640, 128.0
Trd, 001534.060, 123
Trd, 001534.700, 107
Trd, 001535.700, 110.0
Trd, 001538.560, 116
Trd, 001545.580, 108.0
Trd, 001548.100, 104.0
Trd, 001562.340, 117
Trd, 001562.440, 114
Trd, 001562.500, 127.0
Trd, 001562.520, 104.0
Trd, 001564.460, 114
Trd, 001564.960, 114
Trd, 001565.280, 116
Trd, 001565.600, 113
Trd, 001566.100, 112.0
Trd, 001567.960, 108.0
Trd, 001569.580, 112
Trd, 001569.720, 116
Trd, 001572.580, 100.0
Trd, 001592.180, 54.0
Trd, 001592.260, 79.0
Trd, 001592.360, 83
Trd, 001592.380, 108.0
Trd, 001592.980, 127.0
Trd, 001593.640, 97
Trd, 001594.460, 104
Trd, 001594.660, 104
Trd, 001594.800, 105
Trd, 001596.780, 103
Trd, 001601.120, 102
Trd, 001605.160, 100
Trd, 001622.520, 99
Trd, 001622.540, 99
Trd, 001622.620, 104
Trd, 001622.880, 99
Trd, 001623.480, 105.0
Trd, 001624.180, 104.0
Trd, 001624.360, 105
Trd, 001626.420, 107.0
Trd, 001626.940, 108.0
Trd, 001629.420, 115
Trd, 001629.900, 116
Trd, 001638.040, 109
Trd, 001642.260, 100.0
Trd, 001644.960, 94
Trd, 001652.200, 114
Trd, 001652.620, 112.0
Trd, 001652.940, 114
Trd, 001653.080, 141.0
Trd, 001653.620, 113
Trd, 001653.880, 109
Trd, 001654.120, 117
Trd, 001654.440, 109
Trd, 001655.200, 116
Trd, 001656.640, 108.0
Trd, 001659.700, 106
Trd, 001661.320, 104.0
Trd, 001670.300, 100.0
Trd, 001682.700, 122
Trd, 001682.820, 122
Trd, 001682.920, 124
Trd, 001683.160, 117
Trd, 001683.740, 150.0
Trd, 001683.960, 129.0
Trd, 001684.640, 112.0
Trd, 001685.040, 117
Trd, 001686.700, 114
Trd, 001690.220, 108.0
Trd, 001692.980, 104.0
Trd, 001698.120, 100.0
Trd, 001702.440, 100
Trd, 001712.540, 104
Trd, 001712.940, 104.0
Trd, 001712.960, 105.0
Trd, 001713.300, 102
Trd, 001713.420, 105
Trd, 001713.520, 108.0
Trd, 001713.600, 100.0
Trd, 001714.100, 115
Trd, 001714.740, 107
Trd, 001714.800, 109
Trd, 001715.400, 116
Trd, 001726.800, 108.0
Trd, 001727.980, 107
Trd, 001742.300, 116
Trd, 001742.600, 108.0
Trd, 001743.120, 107
Trd, 001743.420, 107
Trd, 001743.520, 105.0
Trd, 001744.760, 107
Trd, 001744.960, 107
Trd, 001745.720, 107
Trd, 001745.840, 108.0
Trd, 001746.060, 104.0
Trd, 001746.880, 103
Trd, 001750.400, 101
Trd, 001753.240, 100.0
Trd, 001772.340, 113
Trd, 001772.400, 116
Trd, 001772.480, 112
Trd, 001772.600, 108.0
Trd, 001772.840, 112.0
Trd, 001773.280, 127
Trd, 001774.320, 104.0
Trd, 001775.140, 117
Trd, 001777.360, 111
Trd, 001778.360, 110
Trd, 001779.140, 112
Trd, 001779.240, 106
Trd, 001786.640, 100.0
Trd, 001796.640, 94
Trd, 001802.640, 112.0
Trd, 001803.000, 105
Trd, 001803.520, 106
Trd, 001803.800, 107
Trd, 001804.440, 107
Trd, 001804.560, 107
Trd, 001806.680, 106
Trd, 001807.120, 106
Trd, 001807.420, 104.0
Trd, 001809.640, 108.0
Trd, 001809.700, 116
Trd, 001816.660, 110
Trd, 001816.900, 100.0
Trd, 001832.560, 105
Trd, 001832.680, 105.0
Trd, 001832.880, 104.0
Trd, 001833.000, 129.0
Trd, 001834.080, 114
Trd, 001834.340, 118
Trd, 001835.000, 112.0
Trd, 001835.800, 111
Trd, 001836.420, 110
Trd, 001837.760, 108.0
Trd, 001840.940, 108
Trd, 001842.980, 108
Trd, 001856.220, 100.0
Trd, 001860.640, 94
Trd, 001862.920, 105
Trd, 001862.940, 104.0
Trd, 001863.220, 105
Trd, 001863.240, 104
Trd, 001863.940, 104
Trd, 001863.960, 103
Trd, 001864.060, 106
Trd, 001864.380, 106
Trd, 001864.400, 108.0
Trd, 001869.040, 107
Trd, 001876.720, 116
Trd, 001880.100, 100.0
Trd, 001892.560, 128.0
Trd, 001892.980, 113
Trd, 001893.160, 112.0
Trd, 001893.720, 111
Trd, 001893.740, 113
Trd, 001893.960, 114
Trd, 001894.020, 110
Trd, 001894.320, 108.0
Trd, 001897.500, 109
Trd, 001899.900, 104.0
Trd, 001904.380, 109
Trd, 001923.100, 108
Trd, 001923.360, 108
Trd, 001923.380, 107
Trd, 001923.780, 112.0
Trd, 001924.520, 109
Trd, 001925.200, 109
Trd, 001925.780, 109
Trd, 001927.120, 106
Trd, 001929.420, 107
Trd, 001931.960, 116
Trd, 001933.160, 104.0
Trd, 001933.900, 100.0
Trd, 001942.640, 94
Trd, 001952.800, 54.0
Trd, 001952.940, 62.0
Trd, 001952.960, 79.0
Trd, 001953.020, 87.0
Trd, 001953.040, 108.0
Trd, 001953.120, 75.0
Trd, 001954.000, 112
Trd, 001955.360, 110
Trd, 001957.340, 110
Trd, 001958.720, 108.0
Trd, 001960.860, 109
Trd, 001965.920, 106
Trd, 001969.200, 104.0
Trd, 001982.600, 79
Trd, 001982.680, 101
Trd, 001983.080, 128.0
Trd, 001983.340, 112
Trd, 001984.260, 113.0
Trd, 001984.640, 112.0
Trd, 001985.960, 110
Trd, 001986.020, 112
Trd, 001987.780, 109
Trd, 001992.480, 109
Trd, 001993.320, 108.0
Trd, 001997.300, 104.0
Trd, 001997.860, 116
Trd, 002001.820, 100.0
Trd, 002012.660, 68
Trd, 002012.900, 101
Trd, 002013.540, 105
Trd, 002013.580, 105
Trd, 002013.700, 104.0
Trd, 002015.080, 105
Trd, 002015.940, 104
Trd, 002016.460, 105
Trd, 002016.480, 108.0
Trd, 002017.200, 116
Trd, 002019.320, 104
Trd, 002024.680, 103
Trd, 002024.740, 100.0
Trd, 002028.420, 94
Trd, 002042.780, 144.0
Trd, 002043.560, 114
Trd, 002043.800, 117
Trd, 002043.880, 113
Trd, 002045.480, 112.0
Trd, 002045.700, 114
Trd, 002045.980, 110
Trd, 002047.760, 109
Trd, 002050.300, 112
Trd, 002050.380, 112
Trd, 002055.040, 108.0
Trd, 002059.220, 104.0
Trd, 002072.780, 112.0
Trd, 002072.940, 107
Trd, 002072.960, 106
Trd, 002073.000, 116
Trd, 002073.260, 94
Trd, 002073.660, 112
Trd, 002074.500, 111
Trd, 002074.940, 107
Trd, 002075.160, 108
Trd, 002075.260, 107.0
Trd, 002076.780, 106
Trd, 002079.140, 108
Trd, 002080.020, 104.0
Trd, 002083.820, 100.0
Trd, 002095.520, 91.0
Trd, 002102.780, 112.0
Trd, 002102.820, 104.0
Trd, 002103.140, 111
Trd, 002103.260, 113
Trd, 002103.800, 113
Trd, 002104.260, 109
Trd, 002105.160, 108.0
Trd, 002105.940, 103
Trd, 002106.820, 101
Trd, 002107.940, 106.0
Trd, 002111.100, 104.0
Trd, 002117.140, 108.0
Trd, 002132.920, 75.0
Trd, 002133.340, 108
Trd, 002133.860, 112.0
Trd, 002134.240, 111
Trd, 002135.460, 115
Trd, 002135.580, 115
Trd, 002136.100, 113
Trd, 002137.360, 112
Trd, 002137.800, 110
Trd, 002138.800, 112
Trd, 002145.020, 109
Trd, 002149.800, 108.0
Trd, 002162.920, 62.0
Trd, 002163.240, 87.0
Trd, 002163.340, 88
Trd, 002163.920, 98
Trd, 002164.060, 112
Trd, 002164.480, 93
Trd, 002164.660, 109
Trd, 002165.440, 108
Trd, 002167.220, 110
Trd, 002170.320, 108
Trd, 002177.840, 108.0
Trd, 002188.820, 100.0
Trd, 002193.240, 107
Trd, 002193.260, 106
Trd, 002193.860, 106
Trd, 002193.900, 108
Trd, 002193.980, 108.0
Trd, 002194.280, 103
Trd, 002195.140, 105.0
Trd, 002196.800, 111
Trd, 002200.460, 105
Trd, 002201.700, 104.0
Trd, 002203.960, 105
Trd, 002205.020, 109
Trd, 002208.940, 100.0
Trd, 002214.340, 94
Trd, 002222.980, 104.0
Trd, 002223.260, 150.0
Trd, 002223.620, 109
Trd, 002223.680, 102
Trd, 002224.360, 112
Trd, 002224.640, 112.0
Trd, 002224.840, 112
Trd, 002225.700, 102.0
Trd, 002226.200, 111
Trd, 002228.920, 101
Trd, 002229.320, 110
Trd, 002230.340, 102
Trd, 002253.740, 105.0
Trd, 002253.860, 106
Trd, 002254.240, 106
Trd, 002254.440, 104.0
Trd, 002255.060, 107
Trd, 002255.520, 106
Trd, 002255.540, 107
Trd, 002256.380, 106
Trd, 002256.520, 105
Trd, 002260.900, 108.0
Trd, 002265.900, 100.0
Trd, 002268.120, 116
Trd, 002271.200, 94
Trd, 002283.040, 75.0
Trd, 002283.120, 75.0
Trd, 002283.320, 110
Trd, 002283.460, 112
Trd, 002284.860, 116
Trd, 002285.840, 113
Trd, 002287.160, 111
Trd, 002287.340, 110
Trd, 002287.480, 108.0
Trd, 002288.920, 108
Trd, 002291.140, 111
Trd, 002298.020, 117
Trd, 002298.900, 104.0
Trd, 002300.480, 100.0
Trd, 002313.120, 128.0
Trd, 002313.280, 75.0
Trd, 002314.520, 112.0
Trd, 002314.540, 108.0
Trd, 002315.160, 105
Trd, 002316.120, 107
Trd, 002316.320, 106
Trd, 002317.480, 106
Trd, 002321.760, 106
Trd, 002328.480, 105
Trd, 002330.940, 104
Trd, 002333.960, 104.0
Trd, 002337.400, 103
Trd, 002343.080, 150.0
Trd, 002343.320, 123
Trd, 002343.480, 122
Trd, 002343.900, 112.0
Trd, 002344.140, 105.0
Trd, 002346.380, 109
Trd, 002350.040, 107.0
Trd, 002352.460, 106
Trd, 002352.800, 107
Trd, 002353.780, 104.0
Trd, 002370.960, 102
Trd, 002373.160, 54.0
Trd, 002373.500, 62.0
Trd, 002373.540, 79.0
Trd, 002373.700, 69
Trd, 002374.440, 108
Trd, 002374.900, 113.0
Trd, 002375.920, 119
Trd, 002379.520, 113
Trd, 002379.860, 112.0
Trd, 002380.120, 109
Trd, 002380.900, 108.0
Trd, 002384.060, 104.0
Trd, 002403.120, 82
Trd, 002403.240, 103
Trd, 002403.280, 112
Trd, 002403.360, 92
Trd, 002403.620, 111
Trd, 002403.820, 112
Trd, 002405.600, 108
Trd, 002406.040, 109
Trd, 002406.360, 106
Trd, 002407.480, 113
Trd, 002408.000, 105
Trd, 002409.860, 116
Trd, 002422.180, 122
Trd, 002433.580, 114
Trd, 002433.640, 112
Trd, 002433.880, 112
Trd, 002434.240, 110
Trd, 002434.320, 112
Trd, 002434.500, 110
Trd, 002435.460, 110
Trd, 002436.100, 109
Trd, 002436.120, 108.0
Trd, 002436.200, 104.0
Trd, 002438.360, 108
Trd, 002441.700, 108
Trd, 002447.040, 100.0
Trd, 002463.260, 105
Trd, 002463.800, 104.0
Trd, 002464.100, 103
Trd, 002464.300, 104
Trd, 002464.360, 105
Trd, 002465.400, 105
Trd, 002465.860, 107
Trd, 002466.940, 103
Trd, 002467.040, 102
Trd, 002468.640, 108.0
Trd, 002469.000, 100.0
Trd, 002472.280, 118
Trd, 002485.260, 125.0
Trd, 002493.460, 104.0
Trd, 002493.500, 75.0
Trd, 002493.760, 53
Trd, 002493.900, 54.0
Trd, 002494.000, 62.0
Trd, 002494.440, 87.0
Trd, 002494.800, 89
Trd, 002495.380, 95
Trd, 002495.500, 109
Trd, 002496.140, 105
Trd, 002496.440, 100.0
Trd, 002496.500, 117
Trd, 002522.740, 112
Trd, 002523.260, 129
Trd, 002523.820, 88
Trd, 002524.540, 107.0
Trd, 002524.680, 108.0
Trd, 002524.920, 108
Trd, 002525.200, 106
Trd, 002526.200, 107
Trd, 002526.480, 108
Trd, 002526.640, 104.0
Trd, 002528.800, 103
Trd, 002536.960, 102
Trd, 002537.200, 101
Trd, 002537.320, 107
Trd, 002553.480, 112.0
Trd, 002554.100, 108
Trd, 002554.240, 109
Trd, 002554.320, 108.0
Trd, 002554.440, 110
Trd, 002555.000, 107
Trd, 002555.460, 111
Trd, 002555.680, 111
Trd, 002556.340, 108
Trd, 002558.260, 109
Trd, 002558.600, 110
Trd, 002562.760, 104.0
Trd, 002563.000, 100.0
Trd, 002583.400, 106
Trd, 002583.840, 107
Trd, 002583.920, 104.0
Trd, 002584.040, 102
Trd, 002585.240, 112.0
Trd, 002585.780, 109
Trd, 002586.540, 113.0
Trd, 002587.140, 112.0
Trd, 002588.000, 109
Trd, 002592.140, 108.0
Trd, 002597.380, 100.0
Trd, 002602.260, 110
Trd, 002603.120, 116
Trd, 002605.840, 94
Trd, 002613.440, 105
Trd, 002613.780, 106
Trd, 002614.260, 93.0
Trd, 002614.280, 104
Trd, 002614.600, 102
Trd, 002614.640, 92.0
Trd, 002616.320, 102
Trd, 002616.340, 107
Trd, 002616.540, 108.0
Trd, 002622.900, 107
Trd, 002624.740, 106
Trd, 002639.540, 106
Trd, 002643.780, 108
Trd, 002644.060, 108
Trd, 002644.280, 107
Trd, 002644.580, 112.0
Trd, 002645.040, 112
Trd, 002646.100, 111
Trd, 002646.620, 113
Trd, 002646.780, 111
Trd, 002647.600, 108.0
Trd, 002648.140, 109
Trd, 002650.340, 108
Trd, 002652.780, 104.0
Trd, 002668.060, 100.0
Trd, 002673.760, 104
Trd, 002673.820, 94
Trd, 002674.160, 103
Trd, 002674.220, 99
Trd, 002674.240, 98
Trd, 002674.560, 101
Trd, 002674.960, 102
Trd, 002675.160, 105
Trd, 002676.160, 104
Trd, 002679.120, 108.0
Trd, 002681.160, 104
Trd, 002681.680, 103
Trd, 002684.400, 116
Trd, 002684.880, 125.0
Trd, 002700.920, 91.0
Trd, 002703.800, 100
Trd, 002703.820, 105
Trd, 002703.960, 94
Trd, 002704.080, 103
Trd, 002705.240, 105.0
Trd, 002705.720, 105.0
Trd, 002706.180, 99
Trd, 002707.940, 105
Trd, 002708.300, 108.0
Trd, 002709.080, 116
Trd, 002711.960, 114
Trd, 002716.800, 115
Trd, 002718.400, 125.0
Trd, 002720.960, 108.0
Trd, 002731.660, 91.0
Trd, 002734.140, 116
Trd, 002734.240, 117
Trd, 002734.360, 113.0
Trd, 002734.560, 117
Trd, 002734.860, 112.0
Trd, 002735.380, 115
Trd, 002737.260, 111
Trd, 002738.560, 109
Trd, 002738.980, 108.0
Trd, 002739.180, 110
Trd, 002743.340, 116
Trd, 002748.720, 104.0
Trd, 002762.260, 100.0
Trd, 002763.820, 110
Trd, 002763.840, 111
Trd, 002764.000, 56
Trd, 002764.100, 62.0
Trd, 002765.800, 105.0
Trd, 002766.500, 108
Trd, 002766.600, 109
Trd, 002766.820, 104.0
Trd, 002770.460, 100.0
Trd, 002773.580, 108.0
Trd, 002775.200, 103
Trd, 002793.960, 102
Trd, 002794.060, 108
Trd, 002794.380, 113
Trd, 002794.780, 113.0
Trd, 002795.400, 113
Trd, 002795.600, 112.0
Trd, 002796.320, 110
Trd, 002796.900, 108
Trd, 002798.560, 108.0
Trd, 002799.260, 113
Trd, 002800.080, 104.0
Trd, 002803.940, 116
Trd, 002812.680, 100.0
Trd, 002816.020, 94
Trd, 002824.040, 150.0
Trd, 002824.140, 122
Trd, 002824.700, 115
Trd, 002824.740, 114
Trd, 002825.260, 113
Trd, 002825.300, 121
Trd, 002825.620, 122
Trd, 002827.420, 115
Trd, 002828.840, 112.0
Trd, 002828.860, 112
Trd, 002838.300, 108.0
Trd, 002839.240, 104.0
Trd, 002853.880, 93
Trd, 002853.940, 91.0
Trd, 002854.000, 110
Trd, 002854.400, 108
Trd, 002855.000, 108
Trd, 002855.140, 109
Trd, 002855.160, 107
Trd, 002855.220, 116
Trd, 002856.240, 105
Trd, 002858.800, 111
Trd, 002860.160, 105
Trd, 002861.180, 104.0
Trd, 002863.080, 107
Trd, 002883.780, 103
Trd, 002884.040, 112.0
Trd, 002884.160, 108.0
Trd, 002884.500, 110
Trd, 002885.600, 106.0
Trd, 002885.700, 106
Trd, 002886.440, 104
Trd, 002895.440, 104.0
Trd, 002899.980, 107
Trd, 002901.320, 107
Trd, 002907.820, 108.0
Trd, 002909.940, 103
Trd, 002913.840, 117
Trd, 002913.880, 73
Trd, 002913.920, 75.0
Trd, 002914.160, 102
Trd, 002914.580, 150.0
Trd, 002915.900, 129.0
Trd, 002916.600, 129
Trd, 002917.040, 121
Trd, 002919.720, 112.0
Trd, 002919.920, 112
Trd, 002920.360, 108.0
Trd, 002922.820, 107
Trd, 002929.400, 104.0
Trd, 002944.000, 117
Trd, 002944.160, 108
Trd, 002944.200, 75.0
Trd, 002945.620, 106.0
Trd, 002946.020, 106
Trd, 002946.120, 108.0
Trd, 002946.260, 109
Trd, 002946.440, 104.0
Trd, 002948.720, 107
Trd, 002949.900, 106
Trd, 002953.760, 112
Trd, 002954.880, 108.0
Trd, 002961.240, 125.0
Trd, 002964.120, 100.0
Trd, 002973.920, 54.0
Trd, 002974.020, 62.0
Trd, 002974.060, 108.0
Trd, 002974.320, 94
Trd, 002976.600, 138.0
Trd, 002976.680, 117
Trd, 002977.680, 120
Trd, 002979.000, 116
Trd, 002980.340, 115
Trd, 002980.980, 113
Trd, 002982.140, 113
Trd, 002982.840, 112.0
Trd, 003003.940, 54.0
Trd, 003004.280, 90
Trd, 003004.500, 89
Trd, 003004.860, 105
Trd, 003004.980, 104
Trd, 003005.000, 96
Trd, 003005.300, 112
Trd, 003006.360, 109
Trd, 003007.200, 105
Trd, 003007.440, 101.0
Trd, 003007.460, 100.0
Trd, 003008.580, 108
Trd, 003013.680, 116
Trd, 003034.000, 75.0
Trd, 003034.320, 127.0
Trd, 003034.740, 113.0
Trd, 003035.740, 125.0
Trd, 003035.860, 114
Trd, 003037.700, 118
Trd, 003041.780, 116
Trd, 003042.760, 114
Trd, 003044.440, 113
Trd, 003049.900, 112.0
Trd, 003050.160, 108.0
Trd, 003053.460, 104.0
Trd, 003064.060, 109
Trd, 003064.140, 110
Trd, 003064.400, 112.0
Trd, 003064.980, 119
Trd, 003065.720, 120
Trd, 003066.440, 120
Trd, 003066.820, 122.0
Trd, 003067.720, 108.0
Trd, 003068.920, 116
Trd, 003069.920, 114
Trd, 003073.480, 104.0
Trd, 003074.080, 109
Trd, 003094.260, 109
Trd, 003094.280, 106.0
Trd, 003094.340, 108
Trd, 003094.360, 105.0
Trd, 003094.520, 109
Trd, 003094.580, 104.0
Trd, 003094.700, 100.0
Trd, 003095.980, 124
Trd, 003097.280, 109
Trd, 003097.880, 120
Trd, 003099.660, 117
Trd, 003101.680, 117
Trd, 003124.280, 112
Trd, 003124.320, 116
Trd, 003124.760, 112.0
Trd, 003125.040, 108
Trd, 003125.260, 98
Trd, 003125.640, 106
Trd, 003126.320, 104.0
Trd, 003127.400, 106
Trd, 003127.760, 108.0
Trd, 003133.320, 108
Trd, 003133.520, 102.0
Trd, 003139.240, 100.0
Trd, 003154.100, 112.0
Trd, 003154.320, 54.0
Trd, 003154.400, 62.0
Trd, 003154.500, 108.0
Trd, 003154.840, 85
Trd, 003154.980, 124.0
Trd, 003156.780, 114
Trd, 003157.000, 113
Trd, 003164.060, 110
Trd, 003164.680, 112
Trd, 003180.140, 108.0
Trd, 003184.220, 109
Trd, 003184.240, 94
Trd, 003184.440, 150.0
Trd, 003185.760, 109
Trd, 003186.700, 117
Trd, 003188.000, 114
Trd, 003189.560, 116
Trd, 003190.280, 115
Trd, 003196.900, 112.0
Trd, 003213.280, 110
Trd, 003214.180, 145.0
Trd, 003214.600, 78
Trd, 003214.740, 75.0
Trd, 003214.960, 104
Trd, 003215.120, 103
Trd, 003215.500, 104
Trd, 003215.840, 103
Trd, 003215.960, 103
Trd, 003217.820, 104
Trd, 003218.400, 103
Trd, 003220.560, 102
Trd, 003222.240, 108.0
Trd, 003229.840, 105
Trd, 003230.900, 102
Trd, 003244.380, 105
Trd, 003244.520, 69
Trd, 003244.580, 75.0
Trd, 003245.200, 121
Trd, 003245.900, 136.0
Trd, 003245.960, 121
Trd, 003246.780, 117
Trd, 003250.460, 117
Trd, 003251.540, 115
Trd, 003254.300, 115
Trd, 003260.440, 112.0
Trd, 003265.440, 108.0
Trd, 003274.520, 112
Trd, 003274.600, 114
Trd, 003274.680, 112
Trd, 003275.340, 125
Trd, 003275.520, 110
Trd, 003275.620, 137.0
Trd, 003276.680, 121
Trd, 003279.600, 117
Trd, 003280.380, 115.0
Trd, 003280.720, 112.0
Trd, 003283.320, 108.0
Trd, 003284.660, 104.0
Trd, 003304.780, 108
Trd, 003305.340, 108
Trd, 003306.040, 107
Trd, 003306.280, 107.0
Trd, 003306.400, 107.0
Trd, 003306.520, 107
Trd, 003309.140, 107
Trd, 003309.340, 107
Trd, 003309.420, 106
Trd, 003314.940, 116
Trd, 003321.720, 104.0
Trd, 003323.020, 103
Trd, 003330.400, 100.0
Trd, 003334.580, 150.0
Trd, 003334.920, 92.0
Trd, 003335.380, 105
Trd, 003335.660, 112.0
Trd, 003335.740, 116
Trd, 003335.920, 101
Trd, 003336.120, 107
Trd, 003336.600, 106
Trd, 003337.280, 105
Trd, 003340.340, 104.0
Trd, 003341.380, 103
Trd, 003341.420, 105
Trd, 003341.560, 100.0
Trd, 003345.680, 94
Trd, 003364.420, 150.0
Trd, 003364.580, 112.0
Trd, 003364.620, 88
Trd, 003365.060, 115
Trd, 003366.140, 108
Trd, 003366.200, 111
Trd, 003367.140, 108.0
Trd, 003367.200, 107
Trd, 003367.220, 104.0
Trd, 003368.660, 108
Trd, 003371.140, 108
Trd, 003374.160, 103
Trd, 003394.660, 54.0
Trd, 003395.660, 100
Trd, 003395.880, 103
Trd, 003396.000, 100
Trd, 003396.100, 100
Trd, 003396.600, 101
Trd, 003397.600, 103
Trd, 003397.760, 104
Trd, 003398.180, 101
Trd, 003398.820, 107
Trd, 003404.800, 101
Trd, 003405.420, 108.0
Trd, 003424.760, 150.0
Trd, 003425.040, 123
Trd, 003425.100, 112.0
Trd, 003425.520, 122
Trd, 003425.820, 112
Trd, 003426.960, 113
Trd, 003427.440, 112
Trd, 003431.120, 108.0
Trd, 003431.340, 110
Trd, 003437.680, 104.0
Trd, 003440.100, 104
Trd, 003440.140, 105
Trd, 003448.520, 100.0
Trd, 003450.840, 94
Trd, 003454.640, 150.0
Trd, 003454.720, 129.0
Trd, 003455.080, 112.0
Trd, 003455.300, 122
Trd, 003455.940, 109
Trd, 003456.660, 109
Trd, 003458.880, 115
Trd, 003459.360, 116
Trd, 003459.900, 116
Trd, 003464.060, 108.0
Trd, 003473.320, 104.0
Trd, 003478.480, 114
Trd, 003484.640, 110
Trd, 003484.700, 110
Trd, 003484.860, 106
Trd, 003485.440, 109
Trd, 003485.640, 100
Trd, 003486.060, 105.0
Trd, 003486.680, 112.0
Trd, 003489.580, 109
Trd, 003489.800, 108.0
Trd, 003490.820, 109
Trd, 003491.920, 110
Trd, 003502.140, 104.0
Trd, 003514.700, 108
Trd, 003515.020, 109
Trd, 003515.520, 109
Trd, 003515.560, 107
Trd, 003515.940, 108.0
Trd, 003516.380, 109
Trd, 003516.600, 107
Trd, 003516.640, 110
Trd, 003519.560, 106
Trd, 003519.820, 104.0
Trd, 003523.520, 100.0
Trd, 003527.540, 100
Trd, 003530.620, 104
Trd, 003544.660, 75.0
Trd, 003545.020, 150.0
Trd, 003545.340, 108.0
Trd, 003545.500, 104.0
Trd, 003545.560, 129.0
Trd, 003546.220, 116
Trd, 003547.280, 120
Trd, 003549.140, 120
Trd, 003550.820, 117
Trd, 003554.060, 115
Trd, 003555.200, 113
Trd, 003555.460, 112.0
Trd, 003565.000, 100.0
Trd, 003574.940, 94
Trd, 003574.980, 108
Trd, 003575.040, 91.0
Trd, 003575.100, 150.0
Trd, 003576.380, 117
Trd, 003576.900, 114
Trd, 003577.280, 113
Trd, 003579.120, 114
Trd, 003580.080, 115
Trd, 003580.180, 116
Trd, 003583.540, 112.0
Trd, 003584.360, 108.0
Trd, 003604.760, 150.0
Trd, 003604.800, 80
Trd, 003605.020, 127
Trd, 003606.000, 118
Trd, 003606.420, 118
Trd, 003606.460, 112.0
Trd, 003606.900, 112
Trd, 003607.760, 115
Trd, 003609.340, 112
Trd, 003614.920, 108.0
Trd, 003618.420, 113
Trd, 003620.220, 116
Trd, 003628.000, 104.0
Trd, 003634.760, 104
Trd, 003634.980, 105
Trd, 003635.520, 115
Trd, 003635.580, 109
Trd, 003636.060, 112.0
Trd, 003636.400, 116
Trd, 003636.700, 114
Trd, 003638.180, 120.0
Trd, 003638.760, 114
Trd, 003641.560, 106
Trd, 003646.520, 104.0
Trd, 003646.700, 108
Trd, 003665.080, 129.0
Trd, 003665.140, 109
Trd, 003665.300, 112
Trd, 003665.520, 112
Trd, 003666.340, 112
Trd, 003666.580, 109
Trd, 003666.960, 108.0
Trd, 003667.520, 108
Trd, 003669.260, 108
Trd, 003669.420, 109
Trd, 003671.040, 104.0
Trd, 003672.080, 100.0
Trd, 003681.080, 93
Trd, 003687.620, 91.0
Trd, 003695.020, 112.0
Trd, 003695.460, 103
Trd, 003695.700, 103
Trd, 003696.000, 109
Trd, 003696.240, 101
Trd, 003696.820, 108
Trd, 003697.480, 108
Trd, 003699.440, 108
Trd, 003699.840, 109
Trd, 003700.600, 108
Trd, 003702.960, 111
Trd, 003706.280, 104.0
Trd, 003719.560, 100.0
Trd, 003724.920, 75.0
Trd, 003725.020, 150
Trd, 003725.080, 96
Trd, 003725.180, 62.0
Trd, 003725.480, 54.0
Trd, 003725.940, 87
Trd, 003726.780, 87
Trd, 003728.160, 91
Trd, 003728.680, 104
Trd, 003730.620, 103
Trd, 003734.240, 102
Trd, 003740.980, 108.0
Trd, 003744.220, 106
Trd, 003755.080, 54.0
Trd, 003755.180, 75.0
Trd, 003755.280, 79.0
Trd, 003755.400, 87.0
Trd, 003756.260, 108.0
Trd, 003756.320, 107.0
Trd, 003759.740, 112
Trd, 003765.460, 111.0
Trd, 003768.100, 111
Trd, 003768.180, 122
Trd, 003778.920, 116
Trd, 003779.940, 104.0
Trd, 003785.020, 54.0
Trd, 003785.280, 62.0
Trd, 003785.300, 63
Trd, 003785.860, 75.0
Trd, 003785.880, 87.0
Trd, 003786.420, 89
Trd, 003787.220, 125.0
Trd, 003788.340, 113
Trd, 003790.420, 112
Trd, 003791.760, 111
Trd, 003793.280, 110
Trd, 003795.960, 111
Trd, 003805.140, 108.0
Trd, 003811.800, 105
Trd, 003815.020, 80
Trd, 003815.060, 92
Trd, 003815.640, 111
Trd, 003815.740, 100
Trd, 003815.800, 100.0
Trd, 003816.160, 109
Trd, 003816.360, 109
Trd, 003817.340, 101
Trd, 003818.020, 102
Trd, 003821.420, 105
Trd, 003823.800, 104.0
Trd, 003829.320, 108.0
Trd, 003830.580, 104
Trd, 003845.240, 60
Trd, 003845.380, 107
Trd, 003845.640, 107
Trd, 003845.780, 124.0
Trd, 003845.980, 106
Trd, 003846.200, 104.0
Trd, 003846.800, 116
Trd, 003848.680, 112
Trd, 003849.640, 108
Trd, 003854.320, 107
Trd, 003858.100, 106
Trd, 003873.300, 104
Trd, 003875.200, 110
Trd, 003875.280, 93
Trd, 003875.740, 102
Trd, 003875.880, 102
Trd, 003876.200, 111
Trd, 003876.540, 112
Trd, 003876.780, 101.0
Trd, 003878.720, 106
Trd, 003880.300, 105
Trd, 003880.680, 104.0
Trd, 003883.660, 106
Trd, 003885.460, 116
Trd, 003901.720, 100.0
Trd, 003903.820, 91.0
Trd, 003905.180, 112.0
Trd, 003905.360, 111
Trd, 003906.320, 104
Trd, 003906.380, 104
Trd, 003906.840, 104
Trd, 003907.200, 104
Trd, 003907.340, 104.0
Trd, 003907.360, 108.0
Trd, 003908.300, 103
Trd, 003908.880, 106
Trd, 003910.040, 107
Trd, 003912.260, 116
Trd, 003924.320, 100.0
Trd, 003935.140, 150.0
Trd, 003935.460, 118
Trd, 003935.700, 117
Trd, 003936.680, 114
Trd, 003936.740, 112.0
Trd, 003937.680, 111
Trd, 003938.120, 111
Trd, 003939.340, 112
Trd, 003939.840, 112
Trd, 003940.740, 108.0
Trd, 003965.380, 111
Trd, 003965.460, 112.0
Trd, 003965.580, 118
Trd, 003965.680, 149
Trd, 003967.840, 108.0
Trd, 003967.980, 108.0
Trd, 003969.020, 111
Trd, 003969.280, 110
Trd, 003969.440, 112
Trd, 003970.720, 104.0
Trd, 003973.620, 108.0
Trd, 003977.820, 100.0
Trd, 003995.320, 104
Trd, 003995.560, 94
Trd, 003995.660, 102
Trd, 003996.140, 106.0
Trd, 003996.360, 127.0
Trd, 003997.580, 114
Trd, 003998.340, 113.0
Trd, 003998.660, 117
Trd, 003998.940, 112.0
Trd, 004002.280, 114
Trd, 004005.040, 111
Trd, 004014.760, 104.0
Trd, 004023.360, 100.0
Trd, 004025.300, 129.0
Trd, 004025.680, 104.0
Trd, 004025.940, 105
Trd, 004025.980, 106
Trd, 004026.520, 105
Trd, 004027.740, 106
Trd, 004028.160, 104
Trd, 004028.180, 105
Trd, 004029.020, 104
Trd, 004029.680, 105
Trd, 004032.380, 100.0
Trd, 004037.460, 94
Trd, 004040.000, 108
Trd, 004042.940, 91.0
Trd, 004055.320, 129.0
Trd, 004055.540, 54.0
Trd, 004055.780, 112.0
Trd, 004056.340, 119
Trd, 004058.240, 112
Trd, 004058.600, 113
Trd, 004059.840, 111
Trd, 004062.360, 110
Trd, 004065.420, 109
Trd, 004067.540, 109
Trd, 004068.120, 108.0
Trd, 004069.780, 104.0
Trd, 004085.960, 112.0
Trd, 004086.380, 111
Trd, 004086.420, 110
Trd, 004086.540, 112
Trd, 004086.700, 124.0
Trd, 004087.320, 112
Trd, 004087.460, 109
Trd, 004090.720, 110
Trd, 004092.400, 111
Trd, 004099.540, 109
Trd, 004106.540, 108.0
Trd, 004115.380, 116
Trd, 004115.580, 112.0
Trd, 004115.760, 115
Trd, 004115.840, 108.0
Trd, 004116.360, 100.0
Trd, 004117.940, 103
Trd, 004118.180, 110
Trd, 004118.340, 111
Trd, 004120.700, 104
Trd, 004122.720, 106
Trd, 004125.700, 104.0
Trd, 004125.740, 102
Trd, 004139.900, 101
Trd, 004140.100, 94
Trd, 004145.400, 75.0
Trd, 004145.580, 59
Trd, 004145.600, 62.0
Trd, 004145.780, 71
Trd, 004145.860, 79.0
Trd, 004146.080, 87.0
Trd, 004146.740, 105
Trd, 004146.800, 110
Trd, 004148.120, 110
Trd, 004151.300, 109
Trd, 004154.580, 112
Trd, 004166.860, 104.0
Trd, 004172.040, 103
Trd, 004175.540, 113
Trd, 004175.740, 112.0
Trd, 004176.060, 104
Trd, 004176.220, 104.0
Trd, 004176.300, 100.0
Trd, 004176.840, 111
Trd, 004177.060, 101
Trd, 004177.100, 111
Trd, 004177.140, 112
Trd, 004179.400, 107
Trd, 004180.700, 108
Trd, 004181.100, 106
Trd, 004181.300, 104
Trd, 004205.640, 82
Trd, 004205.740, 101
Trd, 004206.120, 109
Trd, 004206.300, 114
Trd, 004206.380, 112.0
Trd, 004206.900, 107
Trd, 004207.160, 108
Trd, 004207.760, 108
Trd, 004207.880, 108
Trd, 004207.960, 107
Trd, 004209.300, 108
Trd, 004211.300, 107
Trd, 004223.880, 104.0
Trd, 004235.700, 62.0
Trd, 004235.740, 66
Trd, 004235.780, 79.0
Trd, 004235.800, 106
Trd, 004236.060, 93
Trd, 004236.200, 93
Trd, 004236.740, 101
Trd, 004236.800, 97
Trd, 004236.980, 96
Trd, 004238.580, 101
Trd, 004240.140, 105
Trd, 004242.640, 108.0
Trd, 004253.040, 104.0
Trd, 004253.060, 98
Trd, 004265.680, 114
Trd, 004265.720, 112.0
Trd, 004266.060, 112
Trd, 004266.080, 111
Trd, 004266.100, 114
Trd, 004266.180, 110
Trd, 004266.620, 109
Trd, 004267.620, 108
Trd, 004269.400, 108.0
Trd, 004269.740, 106
Trd, 004270.820, 108
Trd, 004275.940, 104.0
Trd, 004276.180, 100.0
Trd, 004281.500, 94
Trd, 004295.700, 108
Trd, 004295.720, 103
Trd, 004296.180, 107
Trd, 004296.200, 109
Trd, 004296.440, 106
Trd, 004296.560, 105
Trd, 004296.860, 105
Trd, 004297.440, 109
Trd, 004298.840, 106
Trd, 004300.520, 105
Trd, 004301.120, 106
Trd, 004315.980, 104.0
Trd, 004318.580, 100.0
Trd, 004325.700, 104.0
Trd, 004325.920, 103
Trd, 004325.940, 100
Trd, 004326.420, 99
Trd, 004326.480, 101
Trd, 004326.920, 88
Trd, 004327.220, 90
Trd, 004327.400, 97
Trd, 004327.520, 103
Trd, 004328.440, 104
Trd, 004333.000, 108.0
Trd, 004333.840, 108
Trd, 004335.620, 106
Trd, 004337.500, 100.0
Trd, 004337.600, 91.0
Trd, 004355.520, 112.0
Trd, 004355.720, 150.0
Trd, 004356.020, 100.0
Trd, 004356.280, 105.0
Trd, 004356.660, 107
Trd, 004357.360, 111
Trd, 004357.840, 115
Trd, 004357.980, 108
Trd, 004359.860, 111
Trd, 004360.960, 112
Trd, 004362.260, 109
Trd, 004363.120, 110
Trd, 004376.680, 104.0
Trd, 004376.920, 92
Trd, 004385.660, 105
Trd, 004385.680, 75
Trd, 004385.920, 86
Trd, 004386.000, 101
Trd, 004386.740, 104
Trd, 004386.960, 102
Trd, 004387.260, 104
Trd, 004387.440, 102
Trd, 004387.980, 101
Trd, 004390.720, 104
Trd, 004391.200, 108.0
Trd, 004392.480, 112
Trd, 004393.700, 103
Trd, 004395.420, 103
Trd, 004398.220, 100.0
Trd, 004409.040, 91.0
Trd, 004415.660, 80
Trd, 004415.740, 116
Trd, 004416.280, 80
Trd, 004416.400, 92
Trd, 004416.620, 90
Trd, 004416.940, 89
Trd, 004417.240, 92
Trd, 004417.620, 92
Trd, 004417.940, 93
Trd, 004418.640, 100
Trd, 004419.560, 91.0
Trd, 004427.540, 104
Trd, 004442.600, 91
Trd, 004445.600, 62.0
Trd, 004445.820, 87
Trd, 004445.860, 86
Trd, 004445.940, 90
Trd, 004445.960, 99
Trd, 004445.980, 104
Trd, 004446.620, 113.0
Trd, 004447.220, 113
Trd, 004447.760, 114
Trd, 004448.060, 113
Trd, 004449.180, 112.0
Trd, 004449.940, 116
Trd, 004454.860, 120
Trd, 004457.100, 108.0
Trd, 004475.620, 62.0
Trd, 004475.840, 106
Trd, 004475.860, 105
Trd, 004475.920, 104.0
Trd, 004475.960, 107
Trd, 004476.440, 119
Trd, 004476.580, 118
Trd, 004477.060, 108.0
Trd, 004477.500, 112.0
Trd, 004478.080, 110
Trd, 004478.720, 106
Trd, 004479.160, 93
Trd, 004483.900, 102
Trd, 004490.240, 100.0
Trd, 004505.880, 150.0
Trd, 004506.460, 125.0
Trd, 004506.660, 119
Trd, 004507.000, 117
Trd, 004507.120, 121
Trd, 004508.340, 117
Trd, 004509.060, 115
Trd, 004509.280, 112.0
Trd, 004510.520, 108.0
Trd, 004510.620, 106
Trd, 004513.540, 104.0
Trd, 004514.660, 103
Trd, 004520.760, 100.0
Trd, 004535.700, 150.0
Trd, 004536.220, 113
Trd, 004536.400, 113
Trd, 004536.600, 114
Trd, 004536.720, 112.0
Trd, 004537.040, 111
Trd, 004537.580, 109
Trd, 004537.720, 108
Trd, 004538.160, 110
Trd, 004538.220, 104.0
Trd, 004538.900, 110
Trd, 004543.760, 102.0
Trd, 004553.480, 100.0
Trd, 004558.100, 94
Trd, 004565.740, 93
Trd, 004566.080, 54.0
Trd, 004566.140, 109
Trd, 004566.660, 110
Trd, 004566.820, 111
Trd, 004567.480, 98
Trd, 004567.540, 97
Trd, 004567.680, 98
Trd, 004570.620, 102
Trd, 004571.540, 102
Trd, 004573.500, 100
Trd, 004573.700, 103
Trd, 004581.860, 104
Trd, 004590.280, 94
Trd, 004595.900, 120
Trd, 004596.480, 102
Trd, 004596.540, 104
Trd, 004596.760, 103
Trd, 004596.960, 102
Trd, 004597.680, 101
Trd, 004597.860, 99
Trd, 004597.960, 102
Trd, 004599.520, 98
Trd, 004599.960, 101
Trd, 004601.580, 105
Trd, 004605.400, 99
Trd, 004613.020, 100
Trd, 004625.760, 54.0
Trd, 004625.900, 95
Trd, 004626.200, 95
Trd, 004626.460, 96
Trd, 004626.500, 88
Trd, 004628.020, 115.0
Trd, 004628.940, 114
Trd, 004631.020, 115
Trd, 004631.440, 116
Trd, 004632.520, 116
Trd, 004636.800, 113
Trd, 004642.200, 112.0
Trd, 004643.140, 108.0
Trd, 004655.920, 113
Trd, 004656.280, 116
Trd, 004656.380, 115
Trd, 004656.560, 115
Trd, 004656.580, 115
Trd, 004656.800, 116
Trd, 004657.080, 112
Trd, 004657.900, 112.0
Trd, 004658.120, 118
Trd, 004658.140, 120
Trd, 004661.640, 108.0
Trd, 004664.300, 104.0
Trd, 004673.060, 100.0
Trd, 004685.920, 105
Trd, 004686.020, 105
Trd, 004686.220, 104
Trd, 004686.760, 105
Trd, 004686.780, 106
Trd, 004687.080, 108.0
Trd, 004687.220, 105
Trd, 004687.400, 104.0
Trd, 004687.420, 115
Trd, 004687.800, 106
Trd, 004689.880, 108
Trd, 004695.180, 108
Trd, 004715.980, 122
Trd, 004716.060, 120
Trd, 004716.100, 144
Trd, 004716.660, 112.0
Trd, 004716.960, 109
Trd, 004717.280, 117
Trd, 004718.020, 113
Trd, 004718.520, 111
Trd, 004720.620, 109
Trd, 004721.200, 109
Trd, 004725.880, 108.0
Trd, 004736.420, 104.0
Trd, 004744.360, 100.0
Trd, 004746.240, 112.0
Trd, 004746.560, 117
Trd, 004746.860, 114
Trd, 004747.060, 116
Trd, 004747.180, 108.0
Trd, 004747.340, 117
Trd, 004747.980, 115
Trd, 004748.380, 104.0
Trd, 004748.700, 114
Trd, 004750.600, 108
Trd, 004751.080, 108.0
Trd, 004755.500, 107.0
Trd, 004762.900, 100.0
Trd, 004767.460, 94
Trd, 004775.020, 91.0
Trd, 004775.840, 75.0
Trd, 004775.940, 62.0
Trd, 004776.440, 117
Trd, 004776.540, 119
Trd, 004776.720, 112.0
Trd, 004777.300, 116
Trd, 004778.820, 111
Trd, 004780.100, 108.0
Trd, 004780.340, 108.0
Trd, 004781.020, 108
Trd, 004781.660, 104.0
Trd, 004782.380, 104
Trd, 004784.100, 104
Trd, 004786.100, 100.0
Trd, 004805.900, 75.0
Trd, 004806.020, 59
Trd, 004806.040, 108.0
Trd, 004806.160, 54.0
Trd, 004806.240, 113
Trd, 004807.400, 108
Trd, 004807.600, 109
Trd, 004807.780, 109
Trd, 004808.860, 104
Trd, 004809.120, 105
Trd, 004809.420, 105
Trd, 004818.300, 102
Trd, 004820.280, 100.0
Trd, 004835.940, 101
Trd, 004836.100, 111
Trd, 004836.300, 106.0
Trd, 004836.580, 105.0
Trd, 004836.760, 106
Trd, 004836.780, 104.0
Trd, 004836.840, 107
Trd, 004837.300, 106
Trd, 004837.340, 94
Trd, 004838.980, 112
Trd, 004840.360, 102
Trd, 004842.300, 107
Trd, 004842.560, 108.0
Trd, 004849.620, 100.0
Trd, 004866.080, 111
Trd, 004866.180, 104.0
Trd, 004866.220, 112
Trd, 004866.740, 102
Trd, 004867.360, 102
Trd, 004867.440, 101
Trd, 004868.040, 101
Trd, 004868.080, 101
Trd, 004868.120, 101
Trd, 004868.160, 103
Trd, 004872.320, 101
Trd, 004872.380, 104
Trd, 004885.280, 100.0
Trd, 004890.320, 94
Trd, 004895.980, 98
Trd, 004896.000, 129.0
Trd, 004896.060, 110
Trd, 004896.520, 112.0
Trd, 004896.620, 114
Trd, 004896.660, 108.0
Trd, 004897.400, 110
Trd, 004898.800, 105.0
Trd, 004899.880, 105
Trd, 004900.200, 104.0
Trd, 004900.840, 104
Trd, 004901.880, 103
Trd, 004904.720, 100.0
Trd, 004925.960, 105
Trd, 004926.200, 106
Trd, 004926.360, 120
Trd, 004926.520, 112.0
Trd, 004926.740, 104
Trd, 004927.000, 126
Trd, 004927.640, 113
Trd, 004927.740, 113
Trd, 004928.120, 119
Trd, 004929.480, 104.0
Trd, 004932.500, 103
Trd, 004935.640, 102
Trd, 004956.000, 75.0
Trd, 004956.320, 103
Trd, 004956.640, 141
Trd, 004956.880, 120
Trd, 004957.020, 120
Trd, 004957.120, 108.0
Trd, 004957.560, 115
Trd, 004957.640, 114
Trd, 004957.720, 115
Trd, 004958.340, 114
Trd, 004958.480, 112.0
Trd, 004958.920, 113
Trd, 004959.280, 104.0
Trd, 004961.180, 100.0
Trd, 004986.000, 107
Trd, 004986.160, 124
Trd, 004986.380, 123
Trd, 004986.540, 123
Trd, 004987.020, 131
Trd, 004988.140, 127
Trd, 004990.700, 117
Trd, 004991.160, 115
Trd, 004991.740, 113
Trd, 004992.220, 112.0
Trd, 004993.740, 108.0
Trd, 004999.020, 104.0
