Trd, 000030.320, 150.0
Trd, 000030.580, 133
Trd, 000030.640, 116.0
Trd, 000030.860, 115
Trd, 000031.220, 96
Trd, 000031.800, 120
Trd, 000032.040, 115
Trd, 000032.060, 100.0
Trd, 000035.500, 109
Trd, 000037.760, 102
Trd, 000039.560, 100
Trd, 000043.320, 96
Trd, 000047.440, 91.0
Trd, 000049.680, 108.0
Trd, 000060.140, 119
Trd, 000060.260, 105
Trd, 000060.380, 75.0
Trd, 000060.520, 70.0
Trd, 000060.780, 76
Trd, 000061.220, 99
Trd, 000061.300, 94
Trd, 000061.460, 100.0
Trd, 000062.000, 110
Trd, 000063.400, 98
Trd, 000064.040, 99
Trd, 000065.280, 108.0
Trd, 000071.480, 117
Trd, 000076.840, 118
Trd, 000090.480, 66.0
Trd, 000090.640, 70.0
Trd, 000090.700, 58.0
Trd, 000090.800, 79
Trd, 000091.240, 83.0
Trd, 000092.340, 88
Trd, 000092.780, 87
Trd, 000094.080, 89
Trd, 000095.180, 91.0
Trd, 000097.520, 95.0
Trd, 000100.400, 100.0
Trd, 000109.100, 108.0
Trd, 000116.640, 100
Trd, 000120.240, 100
Trd, 000120.360, 116.0
Trd, 000120.400, 70
Trd, 000120.720, 66.0
Trd, 000120.900, 81
Trd, 000120.960, 83.0
Trd, 000121.220, 84
Trd, 000121.860, 106
Trd, 000122.320, 105
Trd, 000123.940, 106.0
Trd, 000127.520, 105
Trd, 000132.500, 108.0
Trd, 000140.160, 105
Trd, 000150.160, 70.0
Trd, 000150.480, 98.0
Trd, 000150.600, 97.0
Trd, 000150.780, 97.0
Trd, 000150.820, 98.0
Trd, 000150.880, 95
Trd, 000151.300, 100.0
Trd, 000151.340, 94
Trd, 000152.380, 99
Trd, 000154.580, 100
Trd, 000158.720, 103
Trd, 000169.240, 108.0
Trd, 000180.320, 103
Trd, 000180.420, 119
Trd, 000180.800, 100.0
Trd, 000180.980, 84
Trd, 000181.460, 99
Trd, 000181.960, 93
Trd, 000182.280, 98
Trd, 000182.500, 99
Trd, 000183.020, 96
Trd, 000183.780, 97
Trd, 000184.060, 100
Trd, 000199.720, 108.0
Trd, 000210.400, 91
Trd, 000210.520, 75.0
Trd, 000210.560, 91
Trd, 000211.120, 88
Trd, 000211.640, 89
Trd, 000211.880, 96.0
Trd, 000213.120, 96.0
Trd, 000213.680, 96
Trd, 000214.500, 97.0
Trd, 000215.600, 97
Trd, 000215.820, 100.0
Trd, 000216.660, 108.0
Trd, 000223.520, 95
Trd, 000240.300, 66.0
Trd, 000240.560, 103
Trd, 000241.540, 98
Trd, 000241.580, 97
Trd, 000242.320, 97
Trd, 000242.440, 98.0
Trd, 000242.800, 97
Trd, 000243.260, 99.0
Trd, 000243.300, 100.0
Trd, 000244.680, 100
Trd, 000246.380, 101
Trd, 000249.380, 108.0
Trd, 000270.600, 105
Trd, 000270.740, 106
Trd, 000270.980, 91
Trd, 000271.240, 103
Trd, 000271.620, 99
Trd, 000272.140, 98
Trd, 000272.300, 99.0
Trd, 000272.540, 99.0
Trd, 000273.000, 100.0
Trd, 000274.840, 102
Trd, 000275.440, 97
Trd, 000279.440, 108.0
Trd, 000279.780, 109
Trd, 000300.360, 106
Trd, 000300.520, 57
Trd, 000300.640, 58.0
Trd, 000300.680, 93
Trd, 000301.380, 117.0
Trd, 000301.820, 118
Trd, 000302.360, 116
Trd, 000302.400, 116.0
Trd, 000303.100, 111
Trd, 000303.920, 112
Trd, 000303.960, 110
Trd, 000330.500, 125.0
Trd, 000330.700, 82
Trd, 000331.320, 116.0
Trd, 000331.500, 110
Trd, 000331.860, 112
Trd, 000332.420, 110
Trd, 000332.780, 110
Trd, 000335.440, 106
Trd, 000336.220, 106
Trd, 000336.480, 105
Trd, 000338.900, 104
Trd, 000347.480, 100.0
Trd, 000358.420, 103
Trd, 000360.460, 79.0
Trd, 000360.540, 91
Trd, 000360.800, 91
Trd, 000360.860, 100.0
Trd, 000360.880, 124.0
Trd, 000361.940, 107
Trd, 000362.420, 106
Trd, 000363.380, 107
Trd, 000363.880, 108
Trd, 000364.360, 107
Trd, 000365.740, 108.0
Trd, 000378.480, 120
Trd, 000381.500, 100
Trd, 000390.440, 137
Trd, 000390.600, 101
Trd, 000391.180, 100
Trd, 000391.540, 99
Trd, 000392.160, 97.0
Trd, 000392.360, 98.0
Trd, 000392.560, 97
Trd, 000392.600, 96
Trd, 000392.620, 100.0
Trd, 000392.700, 106
Trd, 000393.040, 93.0
Trd, 000393.060, 91.0
Trd, 000394.300, 86
Trd, 000398.820, 119
Trd, 000420.540, 105
Trd, 000420.620, 150.0
Trd, 000421.180, 117
Trd, 000421.380, 116.0
Trd, 000421.520, 116
Trd, 000421.640, 111
Trd, 000423.080, 108
Trd, 000424.140, 100.0
Trd, 000425.040, 91.0
Trd, 000425.720, 95
Trd, 000426.120, 97
Trd, 000429.560, 94
Trd, 000441.560, 95
Trd, 000450.960, 119
Trd, 000450.980, 118
Trd, 000451.000, 117
Trd, 000451.040, 120
Trd, 000451.900, 116.0
Trd, 000451.960, 116
Trd, 000453.000, 114
Trd, 000454.160, 109
Trd, 000455.920, 105.0
Trd, 000456.740, 104.0
Trd, 000457.600, 104.0
Trd, 000465.020, 100.0
Trd, 000468.800, 108.0
Trd, 000480.840, 103
Trd, 000480.920, 105
Trd, 000481.020, 104
Trd, 000481.040, 106
Trd, 000481.180, 124.0
Trd, 000481.700, 103
Trd, 000481.960, 102
Trd, 000483.060, 104
Trd, 000483.240, 101.0
Trd, 000486.120, 100.0
Trd, 000488.860, 101
Trd, 000489.800, 102
Trd, 000510.600, 101
Trd, 000510.740, 107.0
Trd, 000511.140, 75.0
Trd, 000511.160, 99.0
Trd, 000512.140, 99.0
Trd, 000512.480, 94
Trd, 000513.080, 95
Trd, 000513.860, 99.0
Trd, 000516.040, 100.0
Trd, 000530.200, 108.0
Trd, 000540.760, 104
Trd, 000540.820, 100.0
Trd, 000541.120, 137
Trd, 000541.200, 118.0
Trd, 000541.620, 117.0
Trd, 000542.060, 119
Trd, 000542.300, 118
Trd, 000543.000, 116.0
Trd, 000543.640, 115
Trd, 000544.380, 114
Trd, 000548.280, 115
Trd, 000567.380, 106
Trd, 000570.880, 64.0
Trd, 000571.080, 58.0
Trd, 000571.180, 66.0
Trd, 000571.300, 70.0
Trd, 000572.280, 88
Trd, 000572.520, 89
Trd, 000572.540, 89.0
Trd, 000574.060, 91.0
Trd, 000574.540, 95.0
Trd, 000575.140, 95
Trd, 000581.440, 100.0
Trd, 000582.600, 100
Trd, 000600.820, 66.0
Trd, 000600.900, 70.0
Trd, 000601.440, 122
Trd, 000602.120, 116.0
Trd, 000602.500, 113
Trd, 000603.160, 112
Trd, 000603.280, 92.0
Trd, 000604.800, 96
Trd, 000605.640, 95
Trd, 000606.880, 94
Trd, 000606.960, 95
Trd, 000625.120, 100
Trd, 000625.440, 97
Trd, 000630.740, 98
Trd, 000630.980, 57.0
Trd, 000631.060, 58.0
Trd, 000631.740, 90.0
Trd, 000632.140, 85
Trd, 000632.780, 90
Trd, 000633.160, 91.0
Trd, 000634.340, 96
Trd, 000634.500, 95
Trd, 000634.540, 98.0
Trd, 000640.760, 100.0
Trd, 000646.460, 100.0
Trd, 000660.860, 58.0
Trd, 000660.960, 122
Trd, 000661.940, 116.0
Trd, 000661.960, 105
Trd, 000663.480, 109
Trd, 000663.700, 108
Trd, 000663.880, 107
Trd, 000663.980, 106
Trd, 000665.480, 100.0
Trd, 000667.580, 108.0
Trd, 000668.060, 109
Trd, 000679.940, 91.0
Trd, 000689.320, 104
Trd, 000690.920, 66.0
Trd, 000691.200, 69.0
Trd, 000691.320, 70.0
Trd, 000691.540, 83.0
Trd, 000691.720, 74
Trd, 000692.040, 76
Trd, 000692.060, 91.0
Trd, 000692.080, 99
Trd, 000694.200, 99
Trd, 000695.820, 96.0
Trd, 000697.420, 100.0
Trd, 000707.640, 104
Trd, 000721.180, 101
Trd, 000721.260, 100
Trd, 000721.280, 101
Trd, 000721.380, 78.0
Trd, 000721.420, 100.0
Trd, 000722.080, 91
Trd, 000722.700, 89
Trd, 000722.800, 89
Trd, 000723.260, 89.0
Trd, 000724.120, 91.0
Trd, 000724.340, 88.0
Trd, 000732.740, 94.0
Trd, 000739.920, 108.0
Trd, 000751.000, 101
Trd, 000751.160, 58.0
Trd, 000751.400, 88
Trd, 000752.860, 96
Trd, 000753.240, 95
Trd, 000753.480, 94
Trd, 000755.140, 93.0
Trd, 000755.800, 92
Trd, 000755.940, 92
Trd, 000756.740, 94
Trd, 000757.840, 95.0
Trd, 000759.320, 100.0
Trd, 000779.940, 108.0
Trd, 000781.180, 57.0
Trd, 000781.220, 58.0
Trd, 000781.400, 66.0
Trd, 000781.520, 70.0
Trd, 000782.860, 93
Trd, 000782.980, 92
Trd, 000783.180, 93
Trd, 000783.360, 95.0
Trd, 000783.640, 95.0
Trd, 000784.420, 100.0
Trd, 000785.900, 100.0
Trd, 000811.160, 145
Trd, 000811.320, 102
Trd, 000811.520, 100.0
Trd, 000811.540, 91.0
Trd, 000812.020, 86
Trd, 000812.100, 105
Trd, 000813.380, 95.0
Trd, 000813.720, 94
Trd, 000814.060, 93
Trd, 000814.100, 91
Trd, 000815.820, 92
Trd, 000817.980, 92
Trd, 000828.240, 108.0
Trd, 000841.260, 97.0
Trd, 000841.360, 97.0
Trd, 000841.420, 88
Trd, 000841.640, 87
Trd, 000842.080, 95.0
Trd, 000842.700, 93
Trd, 000843.400, 94
Trd, 000843.680, 100.0
Trd, 000844.960, 96
Trd, 000845.060, 97
Trd, 000850.840, 108.0
Trd, 000858.260, 107
Trd, 000871.140, 116.0
Trd, 000871.600, 147
Trd, 000871.660, 112
Trd, 000871.820, 120
Trd, 000872.280, 120
Trd, 000872.460, 121
Trd, 000873.160, 107
Trd, 000874.020, 107.0
Trd, 000874.380, 108.0
Trd, 000877.580, 102
Trd, 000880.200, 102
Trd, 000886.100, 100.0
Trd, 000901.140, 75.0
Trd, 000901.180, 58.0
Trd, 000901.400, 82
Trd, 000901.700, 100.0
Trd, 000901.840, 124.0
Trd, 000904.000, 108
Trd, 000904.760, 107
Trd, 000905.160, 107
Trd, 000906.680, 105
Trd, 000907.240, 106
Trd, 000928.940, 100.0
Trd, 000931.360, 102
Trd, 000931.520, 150.0
Trd, 000931.620, 117.0
Trd, 000931.800, 116.0
Trd, 000932.100, 87
Trd, 000934.660, 106
Trd, 000934.960, 105
Trd, 000936.740, 101
Trd, 000937.040, 100.0
Trd, 000940.960, 102
Trd, 000942.340, 108.0
Trd, 000959.740, 91.0
Trd, 000961.400, 57.0
Trd, 000961.460, 58.0
Trd, 000961.480, 91.0
Trd, 000961.800, 150.0
Trd, 000962.160, 116
Trd, 000962.900, 117
Trd, 000962.920, 100.0
Trd, 000965.020, 118
Trd, 000965.780, 111
Trd, 000967.240, 111
Trd, 000969.660, 109
Trd, 000980.240, 104
Trd, 000991.300, 150.0
Trd, 000991.420, 70.0
Trd, 000992.000, 83.0
Trd, 000992.100, 76
Trd, 000993.600, 87
Trd, 000994.940, 91.0
Trd, 000995.020, 95.0
Trd, 000996.320, 94
Trd, 000997.600, 93
Trd, 000998.500, 97.0
Trd, 001000.240, 100.0
Trd, 001010.060, 108.0
Trd, 001013.620, 105
Trd, 001021.300, 150.0
Trd, 001021.480, 128
Trd, 001021.600, 101
Trd, 001022.280, 116.0
Trd, 001022.840, 120.0
Trd, 001023.180, 119
Trd, 001023.480, 119
Trd, 001023.960, 118
Trd, 001024.220, 118
Trd, 001031.060, 100.0
Trd, 001031.860, 99
Trd, 001033.780, 97
Trd, 001046.260, 111
Trd, 001051.420, 70.0
Trd, 001051.580, 95
Trd, 001051.760, 98
Trd, 001052.300, 120.0
Trd, 001052.500, 98
Trd, 001053.400, 116.0
Trd, 001054.680, 114
Trd, 001056.780, 111
Trd, 001057.140, 112
Trd, 001059.360, 100.0
Trd, 001059.680, 92
Trd, 001060.140, 106
Trd, 001069.920, 103
Trd, 001081.480, 58.0
Trd, 001081.580, 99
Trd, 001082.180, 117
Trd, 001082.340, 117
Trd, 001082.380, 116.0
Trd, 001083.180, 92
Trd, 001083.520, 91.0
Trd, 001083.620, 99
Trd, 001085.200, 98.0
Trd, 001085.840, 100.0
Trd, 001086.480, 107.0
Trd, 001093.240, 102
Trd, 001111.420, 150.0
Trd, 001111.460, 101
Trd, 001111.700, 116.0
Trd, 001112.560, 120
Trd, 001112.860, 112
Trd, 001113.380, 117
Trd, 001114.700, 113
Trd, 001115.180, 114
Trd, 001115.380, 113
Trd, 001118.200, 103
Trd, 001119.960, 103
Trd, 001124.140, 100.0
Trd, 001141.500, 75.0
Trd, 001141.920, 92
Trd, 001141.940, 98.0
Trd, 001142.160, 99.0
Trd, 001142.180, 92
Trd, 001142.500, 99.0
Trd, 001143.500, 97
Trd, 001144.680, 98
Trd, 001146.380, 98
Trd, 001146.920, 100.0
Trd, 001152.120, 101
Trd, 001157.220, 100
Trd, 001171.680, 66.0
Trd, 001171.800, 102
Trd, 001171.900, 96
Trd, 001172.060, 84.0
Trd, 001172.380, 91
Trd, 001172.460, 91.0
Trd, 001172.700, 92
Trd, 001173.180, 95.0
Trd, 001175.140, 100.0
Trd, 001177.640, 107.0
Trd, 001179.000, 102
Trd, 001183.200, 108.0
Trd, 001194.740, 108
Trd, 001201.920, 65.0
Trd, 001202.060, 66.0
Trd, 001202.160, 70.0
Trd, 001202.380, 83.0
Trd, 001203.300, 96
Trd, 001204.120, 96
Trd, 001205.000, 94
Trd, 001205.220, 94
Trd, 001205.260, 95.0
Trd, 001205.880, 96
Trd, 001206.280, 100.0
Trd, 001211.160, 108.0
Trd, 001226.420, 115
Trd, 001231.720, 58.0
Trd, 001231.760, 91.0
Trd, 001231.840, 107.0
Trd, 001232.740, 96.0
Trd, 001233.000, 98.0
Trd, 001233.120, 95
Trd, 001234.400, 95
Trd, 001235.600, 99
Trd, 001238.680, 100.0
Trd, 001240.380, 103
Trd, 001241.560, 100
Trd, 001254.240, 103
Trd, 001261.620, 70.0
Trd, 001261.740, 88
Trd, 001262.340, 117.0
Trd, 001262.820, 150.0
Trd, 001263.340, 117
Trd, 001264.460, 117.0
Trd, 001265.160, 116.0
Trd, 001265.220, 117
Trd, 001267.820, 107
Trd, 001271.420, 103
Trd, 001274.000, 100
Trd, 001274.900, 100.0
Trd, 001291.840, 102
Trd, 001292.320, 119
Trd, 001292.500, 117.0
Trd, 001293.100, 118.0
Trd, 001293.180, 116.0
Trd, 001293.280, 118
Trd, 001293.500, 105
Trd, 001294.140, 117
Trd, 001296.780, 108
Trd, 001299.220, 103
Trd, 001301.740, 100.0
Trd, 001302.580, 91.0
Trd, 001308.080, 84
Trd, 001322.000, 150.0
Trd, 001322.380, 141.0
Trd, 001322.560, 124
Trd, 001322.780, 120.0
Trd, 001323.000, 124.0
Trd, 001323.340, 116.0
Trd, 001325.200, 115
Trd, 001330.400, 101
Trd, 001331.720, 100.0
Trd, 001333.000, 99
Trd, 001333.460, 91.0
Trd, 001333.480, 99
Trd, 001333.580, 84
Trd, 001352.060, 110
Trd, 001352.120, 109
Trd, 001352.200, 117
Trd, 001352.820, 108
Trd, 001352.940, 109
Trd, 001353.900, 106
Trd, 001354.340, 105
Trd, 001354.920, 103
Trd, 001355.820, 103
Trd, 001356.760, 101
Trd, 001357.160, 100.0
Trd, 001367.620, 98
Trd, 001381.880, 100.0
Trd, 001382.000, 103
Trd, 001382.060, 102
Trd, 001382.260, 117.0
Trd, 001382.400, 116.0
Trd, 001382.560, 99
Trd, 001382.660, 146
Trd, 001384.560, 117
Trd, 001385.900, 114
Trd, 001389.100, 100.0
Trd, 001394.560, 103
Trd, 001395.400, 91.0
Trd, 001398.400, 101
Trd, 001411.900, 81.0
Trd, 001411.960, 99
Trd, 001412.300, 97
Trd, 001412.420, 98.0
Trd, 001412.800, 99.0
Trd, 001413.420, 98.0
Trd, 001413.680, 99
Trd, 001414.560, 99
Trd, 001415.520, 100.0
Trd, 001416.760, 100
Trd, 001419.380, 108.0
Trd, 001422.060, 100
Trd, 001422.780, 91.0
Trd, 001441.820, 116.0
Trd, 001442.040, 79.0
Trd, 001442.260, 103
Trd, 001442.480, 123.0
Trd, 001442.600, 106
Trd, 001442.720, 105
Trd, 001443.740, 108
Trd, 001443.860, 107
Trd, 001444.300, 106
Trd, 001445.300, 100.0
Trd, 001448.160, 107
Trd, 001453.100, 108.0
Trd, 001471.960, 70.0
Trd, 001472.240, 120
Trd, 001472.460, 123
Trd, 001472.560, 122
Trd, 001473.100, 117.0
Trd, 001473.140, 117
Trd, 001473.720, 116.0
Trd, 001475.800, 98.0
Trd, 001476.700, 96
Trd, 001478.620, 95
Trd, 001481.240, 100.0
Trd, 001481.780, 108.0
Trd, 001500.620, 91.0
Trd, 001502.100, 109
Trd, 001502.140, 109
Trd, 001502.540, 116.0
Trd, 001502.660, 120.0
Trd, 001503.180, 104
Trd, 001504.220, 109
Trd, 001504.860, 109
Trd, 001505.480, 108
Trd, 001507.800, 104
Trd, 001510.480, 105
Trd, 001532.040, 58.0
Trd, 001532.380, 66.0
Trd, 001532.660, 83
Trd, 001532.780, 79
Trd, 001533.020, 83.0
Trd, 001533.320, 90.0
Trd, 001533.740, 84
Trd, 001534.120, 89
Trd, 001534.860, 91.0
Trd, 001536.580, 95.0
Trd, 001541.520, 100.0
Trd, 001553.440, 108.0
Trd, 001562.300, 58.0
Trd, 001562.460, 66.0
Trd, 001562.560, 82.0
Trd, 001562.620, 83.0
Trd, 001562.980, 91.0
Trd, 001563.020, 76
Trd, 001563.560, 99.0
Trd, 001563.900, 100.0
Trd, 001564.680, 95
Trd, 001565.700, 98
Trd, 001566.460, 101
Trd, 001586.160, 101
Trd, 001592.080, 58.0
Trd, 001592.520, 70.0
Trd, 001592.860, 77
Trd, 001592.880, 91
Trd, 001593.660, 90
Trd, 001594.060, 90
Trd, 001594.180, 91.0
Trd, 001596.020, 90
Trd, 001599.420, 95.0
Trd, 001602.380, 100.0
Trd, 001604.560, 104
Trd, 001619.900, 105
Trd, 001622.180, 86
Trd, 001622.300, 100.0
Trd, 001622.760, 116.0
Trd, 001622.880, 99
Trd, 001623.100, 105
Trd, 001623.540, 105
Trd, 001624.440, 105
Trd, 001625.060, 105
Trd, 001626.460, 104
Trd, 001627.240, 106
Trd, 001627.600, 100.0
Trd, 001632.720, 108.0
Trd, 001633.120, 103
Trd, 001652.120, 102
Trd, 001652.340, 116.0
Trd, 001652.980, 102
Trd, 001653.120, 107
Trd, 001653.960, 104
Trd, 001654.840, 100.0
Trd, 001655.700, 95
Trd, 001655.900, 96
Trd, 001656.460, 94
Trd, 001656.680, 95
Trd, 001659.020, 97
Trd, 001662.720, 108.0
Trd, 001662.920, 91.0
Trd, 001682.200, 150.0
Trd, 001682.920, 100.0
Trd, 001683.160, 84.0
Trd, 001683.260, 100.0
Trd, 001684.120, 98
Trd, 001684.360, 98
Trd, 001684.920, 98
Trd, 001685.460, 97
Trd, 001685.500, 100
Trd, 001688.920, 102
Trd, 001691.800, 108.0
Trd, 001691.900, 101
Trd, 001705.560, 116
Trd, 001712.180, 66.0
Trd, 001712.300, 79.0
Trd, 001713.420, 150.0
Trd, 001713.920, 120.0
Trd, 001714.540, 119.0
Trd, 001714.760, 119.0
Trd, 001715.080, 117
Trd, 001715.880, 116
Trd, 001716.340, 116.0
Trd, 001723.720, 100.0
Trd, 001723.980, 101
Trd, 001724.840, 97
Trd, 001725.940, 102
Trd, 001742.320, 150.0
Trd, 001742.520, 107
Trd, 001742.880, 117.0
Trd, 001742.960, 116.0
Trd, 001743.120, 105
Trd, 001745.260, 113
Trd, 001746.020, 110
Trd, 001747.020, 103
Trd, 001747.640, 103
Trd, 001748.960, 100.0
Trd, 001753.360, 93
Trd, 001755.660, 93
Trd, 001759.100, 95.0
Trd, 001768.460, 91.0
Trd, 001772.320, 70.0
Trd, 001772.520, 83
Trd, 001772.620, 85
Trd, 001772.860, 87
Trd, 001773.140, 83
Trd, 001773.860, 87
Trd, 001774.280, 88
Trd, 001774.540, 91.0
Trd, 001776.300, 95.0
Trd, 001779.260, 98
Trd, 001781.220, 100.0
Trd, 001788.720, 108.0
Trd, 001797.520, 107
Trd, 001802.440, 124.0
Trd, 001802.980, 117.0
Trd, 001803.400, 116.0
Trd, 001803.600, 106
Trd, 001804.160, 108
Trd, 001805.680, 107
Trd, 001805.900, 107
Trd, 001807.620, 100.0
Trd, 001807.900, 107.0
Trd, 001809.720, 106
Trd, 001811.400, 102
Trd, 001829.680, 91.0
Trd, 001832.420, 124.0
Trd, 001832.660, 97
Trd, 001833.160, 97
Trd, 001833.900, 95.0
Trd, 001834.160, 97.0
Trd, 001834.200, 93.0
Trd, 001834.340, 99
Trd, 001834.840, 96
Trd, 001835.600, 95
Trd, 001836.020, 96
Trd, 001843.860, 100.0
Trd, 001849.860, 108.0
Trd, 001862.400, 58.0
Trd, 001862.640, 66.0
Trd, 001862.860, 70.0
Trd, 001863.060, 100.0
Trd, 001863.260, 103
Trd, 001863.440, 103
Trd, 001863.560, 102
Trd, 001863.880, 98
Trd, 001864.200, 98
Trd, 001864.640, 99
Trd, 001873.780, 108.0
Trd, 001878.760, 108
Trd, 001886.540, 100.0
Trd, 001892.700, 104
Trd, 001892.820, 103
Trd, 001893.000, 102
Trd, 001893.200, 104
Trd, 001893.360, 103
Trd, 001894.040, 105
Trd, 001894.080, 106
Trd, 001894.600, 107
Trd, 001894.960, 108.0
Trd, 001899.020, 111
Trd, 001902.660, 109
Trd, 001909.360, 100.0
Trd, 001922.640, 66.0
Trd, 001922.880, 91
Trd, 001922.960, 98
Trd, 001923.280, 99.0
Trd, 001924.000, 93
Trd, 001924.460, 92
Trd, 001924.680, 94.0
Trd, 001925.500, 93
Trd, 001926.140, 94.0
Trd, 001927.460, 95.0
Trd, 001928.520, 100.0
Trd, 001935.860, 108.0
Trd, 001952.620, 99.0
Trd, 001952.840, 96
Trd, 001953.120, 96.0
Trd, 001953.200, 97.0
Trd, 001953.300, 96
Trd, 001954.000, 91.0
Trd, 001954.540, 95
Trd, 001954.980, 94
Trd, 001955.780, 94
Trd, 001957.480, 94
Trd, 001961.760, 100.0
Trd, 001981.000, 102
Trd, 001982.580, 58.0
Trd, 001983.080, 123.0
Trd, 001983.460, 117.0
Trd, 001984.180, 118.0
Trd, 001984.640, 119
Trd, 001985.720, 119
Trd, 001986.340, 116.0
Trd, 001987.940, 115
Trd, 001993.840, 100.0
Trd, 001997.680, 96
Trd, 001997.980, 97
Trd, 002010.500, 91.0
Trd, 002012.760, 118
Trd, 002013.060, 116.0
Trd, 002013.080, 103
Trd, 002013.340, 107
Trd, 002013.360, 123.0
Trd, 002014.340, 112
Trd, 002014.660, 109
Trd, 002015.240, 103
Trd, 002016.960, 105.0
Trd, 002018.640, 100.0
Trd, 002020.780, 99
Trd, 002024.500, 92
Trd, 002031.260, 92
Trd, 002042.940, 93
Trd, 002043.080, 93
Trd, 002043.220, 99.0
Trd, 002043.460, 98
Trd, 002043.880, 96
Trd, 002045.560, 98.0
Trd, 002045.600, 96
Trd, 002046.160, 98
Trd, 002046.180, 99.0
Trd, 002046.700, 100.0
Trd, 002047.120, 108.0
Trd, 002050.720, 97
Trd, 002063.440, 91.0
Trd, 002072.700, 66.0
Trd, 002073.200, 85
Trd, 002074.200, 125
Trd, 002074.260, 114
Trd, 002075.360, 116.0
Trd, 002075.980, 117
Trd, 002077.060, 113
Trd, 002077.200, 112
Trd, 002078.240, 109
Trd, 002081.680, 106
Trd, 002101.260, 100.0
Trd, 002103.100, 93
Trd, 002103.240, 104
Trd, 002103.400, 97
Trd, 002103.620, 103
Trd, 002103.900, 82.0
Trd, 002104.640, 95
Trd, 002106.100, 91.0
Trd, 002106.800, 94
Trd, 002108.060, 94
Trd, 002108.240, 100.0
Trd, 002109.260, 108.0
Trd, 002109.920, 101
Trd, 002115.860, 104
Trd, 002132.840, 70.0
Trd, 002133.120, 91
Trd, 002133.360, 81.0
Trd, 002133.440, 81.0
Trd, 002133.560, 102
Trd, 002133.980, 116.0
Trd, 002134.660, 116.0
Trd, 002137.200, 110
Trd, 002137.820, 110
Trd, 002137.880, 108
Trd, 002140.720, 109.0
Trd, 002141.100, 106
Trd, 002162.920, 111
Trd, 002163.120, 100.0
Trd, 002163.900, 105
Trd, 002164.080, 104
Trd, 002164.200, 105
Trd, 002164.240, 102
Trd, 002164.480, 104
Trd, 002164.840, 108
Trd, 002166.820, 104.0
Trd, 002167.200, 100.0
Trd, 002167.760, 99
Trd, 002183.140, 104
Trd, 002192.880, 150.0
Trd, 002193.560, 117.0
Trd, 002194.020, 116.0
Trd, 002194.600, 112
Trd, 002194.860, 111
Trd, 002195.220, 109
Trd, 002195.500, 108
Trd, 002195.720, 108
Trd, 002196.120, 100.0
Trd, 002199.860, 100
Trd, 002200.480, 106
Trd, 002223.000, 58.0
Trd, 002223.120, 66.0
Trd, 002223.780, 76
Trd, 002224.080, 96.0
Trd, 002225.020, 93
Trd, 002225.080, 95.0
Trd, 002226.260, 94.0
Trd, 002227.160, 96
Trd, 002227.480, 98.0
Trd, 002228.220, 100.0
Trd, 002229.940, 108.0
Trd, 002245.100, 111
Trd, 002253.040, 70.0
Trd, 002253.080, 103
Trd, 002253.620, 123
Trd, 002253.640, 119.0
Trd, 002254.160, 119
Trd, 002254.420, 119
Trd, 002254.560, 116.0
Trd, 002257.160, 109
Trd, 002257.640, 107
Trd, 002259.480, 100.0
Trd, 002261.960, 96
Trd, 002262.540, 98
Trd, 002263.900, 98
Trd, 002283.120, 116.0
Trd, 002283.260, 109
Trd, 002283.320, 83.0
Trd, 002283.960, 78
Trd, 002284.120, 117
Trd, 002284.380, 89
Trd, 002284.420, 118
Trd, 002286.660, 111
Trd, 002287.520, 112
Trd, 002287.640, 111
Trd, 002290.440, 110
Trd, 002298.080, 108
Trd, 002313.020, 150.0
Trd, 002313.080, 141.0
Trd, 002314.000, 120.0
Trd, 002314.700, 117.0
Trd, 002314.920, 116.0
Trd, 002315.820, 104
Trd, 002318.140, 100.0
Trd, 002321.400, 99
Trd, 002321.740, 98
Trd, 002327.260, 99
Trd, 002334.000, 97
Trd, 002335.520, 108.0
Trd, 002343.200, 100
Trd, 002343.380, 91
Trd, 002343.440, 91
Trd, 002343.500, 102
Trd, 002343.880, 150.0
Trd, 002344.280, 125
Trd, 002345.820, 123
Trd, 002346.600, 120.0
Trd, 002348.800, 116.0
Trd, 002357.340, 101
Trd, 002358.160, 100.0
Trd, 002361.980, 98
Trd, 002363.600, 108.0
Trd, 002373.160, 105
Trd, 002373.380, 109
Trd, 002373.520, 102
Trd, 002373.540, 133
Trd, 002375.620, 116
Trd, 002375.760, 116
Trd, 002376.240, 115
Trd, 002376.400, 115
Trd, 002376.600, 100.0
Trd, 002376.900, 116.0
Trd, 002379.680, 112
Trd, 002384.360, 106
Trd, 002398.760, 91.0
Trd, 002403.280, 58.0
Trd, 002403.640, 99.0
Trd, 002403.680, 100.0
Trd, 002403.860, 92
Trd, 002404.400, 100
Trd, 002404.600, 101
Trd, 002404.920, 100
Trd, 002406.000, 100
Trd, 002406.080, 106.0
Trd, 002416.120, 101.0
Trd, 002417.440, 108.0
Trd, 002432.020, 99
Trd, 002433.220, 150.0
Trd, 002433.260, 116.0
Trd, 002433.480, 101
Trd, 002434.280, 109
Trd, 002434.940, 97
Trd, 002436.040, 113
Trd, 002436.300, 108
Trd, 002437.500, 101
Trd, 002437.540, 100
Trd, 002438.200, 102
Trd, 002440.960, 98
Trd, 002441.520, 100
Trd, 002443.360, 98
Trd, 002463.360, 96
Trd, 002463.380, 80.0
Trd, 002463.800, 94
Trd, 002463.880, 95
Trd, 002463.980, 96
Trd, 002464.080, 94
Trd, 002464.120, 96
Trd, 002464.200, 97
Trd, 002465.080, 99.0
Trd, 002467.560, 100.0
Trd, 002467.620, 108.0
Trd, 002468.300, 98
Trd, 002486.440, 97
Trd, 002493.760, 103
Trd, 002493.820, 102
Trd, 002493.980, 150.0
Trd, 002494.260, 122
Trd, 002495.620, 116.0
Trd, 002496.240, 117
Trd, 002498.380, 104
Trd, 002500.880, 100.0
Trd, 002501.160, 98
Trd, 002502.160, 95
Trd, 002502.460, 94
Trd, 002510.240, 108.0
Trd, 002514.880, 102
Trd, 002523.520, 115
Trd, 002523.660, 105
Trd, 002523.740, 106
Trd, 002523.800, 80.0
Trd, 002524.140, 108
Trd, 002524.480, 103
Trd, 002525.960, 102
Trd, 002526.540, 100
Trd, 002526.580, 101
Trd, 002527.780, 101
Trd, 002531.320, 101
Trd, 002531.820, 100.0
Trd, 002553.460, 102
Trd, 002553.600, 102
Trd, 002553.860, 101
Trd, 002553.920, 102
Trd, 002554.100, 116.0
Trd, 002554.140, 102
Trd, 002554.640, 104
Trd, 002557.040, 110
Trd, 002558.880, 106
Trd, 002559.260, 106
Trd, 002561.380, 105
Trd, 002562.240, 104
Trd, 002583.480, 148
Trd, 002583.600, 80
Trd, 002583.780, 100.0
Trd, 002584.280, 117
Trd, 002584.540, 116.0
Trd, 002584.920, 115
Trd, 002586.700, 112
Trd, 002586.960, 112
Trd, 002588.160, 111
Trd, 002589.000, 113
Trd, 002597.780, 113
Trd, 002601.340, 100.0
Trd, 002613.480, 109
Trd, 002613.660, 105
Trd, 002613.920, 105
Trd, 002614.000, 104
Trd, 002614.220, 85
Trd, 002614.860, 101
Trd, 002615.100, 102
Trd, 002615.260, 100.0
Trd, 002615.460, 105
Trd, 002617.640, 106
Trd, 002623.460, 108.0
Trd, 002625.080, 105
Trd, 002643.620, 70.0
Trd, 002643.840, 82
Trd, 002643.940, 92.0
Trd, 002644.540, 91
Trd, 002644.680, 91
Trd, 002644.880, 90
Trd, 002645.280, 91
Trd, 002645.500, 95.0
Trd, 002646.340, 93
Trd, 002647.280, 94
Trd, 002647.480, 92
Trd, 002673.500, 66.0
Trd, 002673.660, 83
Trd, 002673.940, 150.0
Trd, 002675.200, 120
Trd, 002676.300, 123
Trd, 002677.580, 120
Trd, 002677.620, 120.0
Trd, 002679.220, 116.0
Trd, 002679.460, 117.0
Trd, 002685.560, 115
Trd, 002685.780, 100.0
Trd, 002689.000, 91
Trd, 002703.780, 115
Trd, 002704.120, 109
Trd, 002704.180, 108
Trd, 002704.280, 108
Trd, 002704.320, 107
Trd, 002704.340, 106
Trd, 002704.960, 108.0
Trd, 002705.020, 111
Trd, 002706.080, 100.0
Trd, 002709.260, 105
Trd, 002710.180, 105
Trd, 002710.240, 91.0
Trd, 002733.540, 105
Trd, 002734.000, 79.0
Trd, 002734.160, 103
Trd, 002734.320, 76.0
Trd, 002734.580, 97
Trd, 002734.780, 87
Trd, 002735.120, 92
Trd, 002735.500, 100.0
Trd, 002737.600, 101
Trd, 002739.100, 102
Trd, 002740.420, 108.0
Trd, 002745.820, 113
Trd, 002755.160, 120
Trd, 002763.660, 116.0
Trd, 002763.960, 101.0
Trd, 002764.580, 107
Trd, 002765.440, 106
Trd, 002765.620, 107
Trd, 002766.100, 101.0
Trd, 002767.200, 103
Trd, 002767.980, 100.0
Trd, 002768.520, 101
Trd, 002770.220, 98
Trd, 002773.400, 95
Trd, 002774.980, 108.0
Trd, 002781.140, 106
Trd, 002793.780, 128
Trd, 002793.820, 137
Trd, 002794.940, 95.0
Trd, 002794.980, 93.0
Trd, 002795.400, 97
Trd, 002795.740, 96
Trd, 002796.160, 95
Trd, 002797.180, 95
Trd, 002797.980, 95
Trd, 002798.680, 97
Trd, 002799.140, 94
Trd, 002816.080, 95
Trd, 002823.720, 116.0
Trd, 002824.040, 150.0
Trd, 002824.480, 104
Trd, 002824.780, 109
Trd, 002825.280, 103
Trd, 002825.920, 106
Trd, 002826.620, 105
Trd, 002827.460, 102.0
Trd, 002828.200, 101
Trd, 002828.660, 101
Trd, 002830.960, 102
Trd, 002833.160, 108.0
Trd, 002853.440, 100.0
Trd, 002853.940, 102
Trd, 002854.040, 104
Trd, 002854.140, 80.0
Trd, 002854.600, 97.0
Trd, 002854.720, 94
Trd, 002854.840, 95
Trd, 002855.960, 94.0
Trd, 002855.980, 95.0
Trd, 002858.380, 95
Trd, 002862.980, 100.0
Trd, 002865.860, 108.0
Trd, 002870.380, 108
Trd, 002884.000, 113
Trd, 002884.060, 112
Trd, 002884.280, 109
Trd, 002884.660, 100
Trd, 002884.760, 107.0
Trd, 002885.200, 104.0
Trd, 002885.280, 106.0
Trd, 002887.220, 105
Trd, 002888.500, 104.0
Trd, 002898.780, 104
Trd, 002913.780, 86
Trd, 002914.160, 150.0
Trd, 002914.300, 141.0
Trd, 002914.420, 119
Trd, 002914.500, 116.0
Trd, 002915.520, 110
Trd, 002917.060, 101
Trd, 002917.280, 100
Trd, 002917.920, 101
Trd, 002918.520, 101
Trd, 002921.100, 93
Trd, 002921.620, 93
Trd, 002925.200, 91.0
Trd, 002943.660, 83.0
Trd, 002943.860, 86
Trd, 002944.120, 92
Trd, 002944.200, 116.0
Trd, 002944.740, 101
Trd, 002944.900, 101
Trd, 002945.000, 102
Trd, 002945.380, 99
Trd, 002945.580, 98
Trd, 002946.220, 97
Trd, 002946.420, 96
Trd, 002946.460, 102
Trd, 002948.360, 99
Trd, 002962.160, 108.0
Trd, 002974.040, 102
Trd, 002974.080, 79.0
Trd, 002974.280, 79
Trd, 002974.760, 87
Trd, 002974.880, 96
Trd, 002975.400, 97
Trd, 002976.760, 93
Trd, 002976.940, 94
Trd, 002978.460, 94
Trd, 002982.260, 95
Trd, 002984.220, 100.0
Trd, 003004.000, 99
Trd, 003004.320, 100
Trd, 003004.500, 99
Trd, 003004.820, 100.0
Trd, 003005.160, 99
Trd, 003005.320, 98
Trd, 003005.420, 91.0
Trd, 003005.660, 95
Trd, 003006.840, 94
Trd, 003007.340, 93
Trd, 003008.580, 108.0
Trd, 003012.120, 122
Trd, 003015.180, 104
Trd, 003031.480, 100.0
Trd, 003034.180, 89
Trd, 003034.420, 101
Trd, 003034.860, 116.0
Trd, 003035.020, 119
Trd, 003035.340, 120
Trd, 003035.440, 125.0
Trd, 003037.500, 120
Trd, 003037.700, 119
Trd, 003038.340, 118
Trd, 003038.640, 112
Trd, 003039.440, 100.0
Trd, 003056.760, 92
Trd, 003058.840, 95.0
Trd, 003059.100, 85
Trd, 003064.040, 93
Trd, 003064.160, 93
Trd, 003064.680, 103
Trd, 003065.100, 117
Trd, 003066.340, 109
Trd, 003066.700, 109
Trd, 003067.200, 108
Trd, 003067.780, 100.0
Trd, 003069.660, 91.0
Trd, 003070.940, 91.0
Trd, 003071.140, 100.0
Trd, 003073.300, 108.0
Trd, 003080.680, 93
Trd, 003094.260, 116.0
Trd, 003094.520, 104
Trd, 003094.640, 109
Trd, 003094.680, 103
Trd, 003095.980, 107
Trd, 003097.000, 108
Trd, 003097.140, 106
Trd, 003099.120, 106
Trd, 003101.140, 104
Trd, 003102.420, 100
Trd, 003102.900, 100.0
Trd, 003104.020, 102
Trd, 003116.480, 108.0
Trd, 003124.440, 105
Trd, 003125.080, 100
Trd, 003125.140, 99
Trd, 003125.260, 99
Trd, 003125.320, 98
Trd, 003126.060, 99.0
Trd, 003126.360, 98.0
Trd, 003127.300, 97
Trd, 003127.420, 93.0
Trd, 003128.680, 98
Trd, 003128.820, 100.0
Trd, 003130.640, 108.0
Trd, 003150.100, 91.0
Trd, 003154.120, 66.0
Trd, 003154.340, 150.0
Trd, 003154.520, 90
Trd, 003155.600, 115
Trd, 003156.220, 102
Trd, 003156.360, 102
Trd, 003156.440, 106
Trd, 003156.700, 107.0
Trd, 003156.900, 102
Trd, 003159.580, 104
Trd, 003159.700, 104
Trd, 003165.880, 103
Trd, 003184.220, 113
Trd, 003184.380, 107
Trd, 003184.400, 103
Trd, 003184.520, 102
Trd, 003184.640, 116.0
Trd, 003184.680, 116
Trd, 003184.720, 91.0
Trd, 003185.100, 124.0
Trd, 003187.660, 104
Trd, 003189.440, 98
Trd, 003189.760, 97
Trd, 003189.900, 99
Trd, 003191.820, 101
Trd, 003203.780, 108.0
Trd, 003214.260, 58.0
Trd, 003214.380, 99.0
Trd, 003214.520, 79.0
Trd, 003214.600, 75.0
Trd, 003214.940, 98.0
Trd, 003216.940, 95
Trd, 003218.260, 95.0
Trd, 003219.420, 97
Trd, 003220.040, 100.0
Trd, 003225.120, 108.0
Trd, 003240.480, 105
Trd, 003240.680, 109
Trd, 003244.320, 112
Trd, 003244.760, 95.0
Trd, 003244.900, 95
Trd, 003245.320, 88
Trd, 003245.400, 87
Trd, 003245.900, 92
Trd, 003246.740, 102
Trd, 003246.920, 104
Trd, 003247.420, 104
Trd, 003250.980, 97
Trd, 003252.740, 101
Trd, 003274.440, 103
Trd, 003274.540, 112
Trd, 003274.700, 103
Trd, 003274.860, 108
Trd, 003275.100, 104
Trd, 003275.260, 103
Trd, 003275.520, 116.0
Trd, 003278.360, 105
Trd, 003278.740, 105
Trd, 003283.920, 102
Trd, 003298.900, 108.0
Trd, 003299.640, 100.0
Trd, 003304.580, 58.0
Trd, 003304.720, 66.0
Trd, 003305.000, 78
Trd, 003305.200, 79
Trd, 003305.360, 75
Trd, 003305.940, 91.0
Trd, 003307.200, 87
Trd, 003307.400, 89
Trd, 003307.840, 89
Trd, 003311.340, 95.0
Trd, 003314.020, 95
Trd, 003314.260, 100.0
Trd, 003321.300, 108.0
Trd, 003324.220, 108
Trd, 003330.500, 116
Trd, 003334.380, 116.0
Trd, 003334.840, 86
Trd, 003335.620, 91
Trd, 003335.640, 90
Trd, 003336.260, 94.0
Trd, 003336.680, 94
Trd, 003337.120, 95.0
Trd, 003337.880, 96.0
Trd, 003338.460, 95
Trd, 003339.760, 98.0
Trd, 003345.480, 100.0
Trd, 003357.260, 108.0
Trd, 003364.580, 100.0
Trd, 003364.840, 86
Trd, 003364.980, 94
Trd, 003365.120, 101
Trd, 003365.640, 95
Trd, 003366.100, 94
Trd, 003366.640, 94
Trd, 003366.960, 95
Trd, 003367.460, 94
Trd, 003367.580, 97
Trd, 003368.660, 108.0
Trd, 003370.140, 104
Trd, 003373.600, 108
Trd, 003384.040, 121
Trd, 003394.540, 105
Trd, 003394.720, 104
Trd, 003394.780, 58.0
Trd, 003395.000, 70
Trd, 003395.060, 79.0
Trd, 003395.260, 82
Trd, 003395.560, 81
Trd, 003398.380, 91
Trd, 003398.600, 92.0
Trd, 003398.960, 90
Trd, 003402.540, 95.0
Trd, 003406.040, 100.0
Trd, 003407.000, 108.0
Trd, 003423.840, 121
Trd, 003424.580, 58.0
Trd, 003424.700, 76
Trd, 003424.720, 81
Trd, 003424.860, 87
Trd, 003425.780, 99
Trd, 003426.000, 100.0
Trd, 003426.920, 100
Trd, 003427.020, 116.0
Trd, 003428.720, 109.0
Trd, 003431.100, 102
Trd, 003431.520, 104.0
Trd, 003449.940, 100.0
Trd, 003454.760, 101
Trd, 003454.840, 84
Trd, 003454.920, 121
Trd, 003455.220, 99.0
Trd, 003455.460, 95
Trd, 003455.620, 99.0
Trd, 003456.000, 99
Trd, 003456.700, 94
Trd, 003456.820, 94
Trd, 003457.140, 98.0
Trd, 003460.900, 96
Trd, 003464.020, 95
Trd, 003471.580, 100.0
Trd, 003485.420, 116.0
Trd, 003485.680, 100.0
Trd, 003485.980, 100
Trd, 003486.000, 95
Trd, 003486.360, 98
Trd, 003486.420, 100
Trd, 003486.760, 105
Trd, 003487.080, 102
Trd, 003488.440, 104
Trd, 003488.820, 101
Trd, 003492.660, 105.0
Trd, 003493.700, 94
Trd, 003514.800, 88
Trd, 003515.140, 97
Trd, 003515.520, 96
Trd, 003515.640, 97
Trd, 003515.680, 95
Trd, 003516.920, 96
Trd, 003517.220, 96
Trd, 003517.640, 95
Trd, 003519.000, 96
Trd, 003520.460, 100.0
Trd, 003521.200, 94
Trd, 003544.700, 100
Trd, 003544.900, 80.0
Trd, 003545.220, 116.0
Trd, 003545.360, 100.0
Trd, 003545.460, 99
Trd, 003545.940, 112
Trd, 003546.740, 103
Trd, 003548.700, 105
Trd, 003549.840, 108
Trd, 003552.100, 106
Trd, 003553.280, 104
Trd, 003553.760, 103
Trd, 003566.260, 95
Trd, 003574.780, 79.0
Trd, 003574.880, 98.0
Trd, 003574.940, 80
Trd, 003575.060, 99.0
Trd, 003575.460, 85
Trd, 003576.780, 93.0
Trd, 003577.000, 96
Trd, 003577.620, 97.0
Trd, 003580.340, 99.0
Trd, 003581.360, 100.0
Trd, 003587.280, 101
Trd, 003601.920, 102
Trd, 003604.820, 58.0
Trd, 003605.140, 89
Trd, 003605.440, 102
Trd, 003605.500, 96
Trd, 003605.740, 103
Trd, 003606.300, 96.0
Trd, 003606.780, 95
Trd, 003606.820, 96.0
Trd, 003606.840, 94
Trd, 003614.000, 100.0
Trd, 003616.940, 100.0
Trd, 003634.820, 150.0
Trd, 003635.000, 104
Trd, 003635.520, 116
Trd, 003635.900, 108
Trd, 003636.020, 105
Trd, 003636.280, 106
Trd, 003636.600, 107
Trd, 003636.980, 105
Trd, 003640.620, 100.0
Trd, 003641.940, 101
Trd, 003643.220, 102
Trd, 003646.060, 108.0
Trd, 003661.880, 91.0
Trd, 003665.220, 116.0
Trd, 003665.280, 105
Trd, 003665.680, 104
Trd, 003666.240, 106
Trd, 003666.380, 106
Trd, 003666.520, 106
Trd, 003666.840, 104
Trd, 003667.640, 103
Trd, 003668.600, 103
Trd, 003670.420, 100.0
Trd, 003671.140, 91.0
Trd, 003674.700, 101
Trd, 003675.940, 108.0
Trd, 003694.960, 149
Trd, 003695.220, 114
Trd, 003695.340, 106
Trd, 003695.880, 110
Trd, 003695.940, 106
Trd, 003696.560, 106
Trd, 003697.280, 101.0
Trd, 003699.720, 104
Trd, 003699.860, 106
Trd, 003701.620, 105.0
Trd, 003703.460, 100.0
Trd, 003705.080, 105
Trd, 003723.000, 91.0
Trd, 003725.160, 116.0
Trd, 003725.220, 98
Trd, 003725.380, 111
Trd, 003725.680, 94.0
Trd, 003726.020, 99.0
Trd, 003726.200, 98
Trd, 003726.640, 97
Trd, 003726.800, 100.0
Trd, 003728.000, 106
Trd, 003729.820, 111
Trd, 003732.440, 99
Trd, 003736.860, 103
Trd, 003744.660, 101
Trd, 003747.840, 91.0
Trd, 003755.140, 70.0
Trd, 003755.280, 83
Trd, 003755.480, 98
Trd, 003756.080, 90
Trd, 003756.620, 94
Trd, 003757.060, 94
Trd, 003757.420, 94
Trd, 003757.480, 93
Trd, 003757.640, 100.0
Trd, 003759.380, 108.0
Trd, 003760.260, 109
Trd, 003763.580, 100.0
Trd, 003773.360, 86
Trd, 003785.260, 66.0
Trd, 003785.320, 70.0
Trd, 003785.980, 93.0
Trd, 003786.040, 95.0
Trd, 003786.220, 99.0
Trd, 003786.780, 93
Trd, 003787.380, 97
Trd, 003787.800, 99.0
Trd, 003788.900, 100.0
Trd, 003790.180, 102
Trd, 003793.640, 107
Trd, 003793.940, 108.0
Trd, 003801.820, 113
Trd, 003815.120, 108
Trd, 003815.140, 137
Trd, 003815.220, 100.0
Trd, 003815.840, 108
Trd, 003816.100, 107
Trd, 003816.440, 106
Trd, 003817.040, 116.0
Trd, 003817.100, 100.0
Trd, 003820.140, 104
Trd, 003821.600, 104.0
Trd, 003821.700, 105.0
Trd, 003824.020, 104.0
Trd, 003832.500, 100
Trd, 003845.200, 98
Trd, 003845.260, 79.0
Trd, 003845.760, 93
Trd, 003845.780, 79
Trd, 003846.280, 86
Trd, 003846.560, 87
Trd, 003847.100, 91
Trd, 003847.800, 91
Trd, 003848.340, 91
Trd, 003848.660, 91.0
Trd, 003851.900, 100.0
Trd, 003857.340, 108.0
Trd, 003870.480, 107
Trd, 003875.240, 106
Trd, 003875.560, 105
Trd, 003875.740, 106
Trd, 003875.800, 107
Trd, 003875.900, 105
Trd, 003876.720, 103
Trd, 003878.140, 102
Trd, 003878.180, 103.0
Trd, 003878.460, 100.0
Trd, 003879.440, 103.0
Trd, 003884.800, 108.0
Trd, 003905.140, 58.0
Trd, 003905.380, 83.0
Trd, 003905.420, 80.0
Trd, 003905.720, 80.0
Trd, 003907.340, 120
Trd, 003907.500, 121
Trd, 003907.740, 120
Trd, 003909.260, 119
Trd, 003911.980, 116.0
Trd, 003918.040, 104
Trd, 003919.380, 102
Trd, 003922.480, 100.0
Trd, 003930.140, 91.0
Trd, 003935.560, 123
Trd, 003935.860, 122
Trd, 003935.980, 122
Trd, 003936.080, 118.0
Trd, 003936.140, 117.0
Trd, 003936.200, 116.0
Trd, 003936.360, 145
Trd, 003937.040, 100.0
Trd, 003937.680, 100
Trd, 003938.440, 91.0
Trd, 003942.920, 87
Trd, 003944.220, 86
Trd, 003952.160, 108.0
Trd, 003965.180, 146
Trd, 003965.400, 100.0
Trd, 003965.440, 79.0
Trd, 003965.600, 66.0
Trd, 003965.860, 83
Trd, 003966.000, 82
Trd, 003966.020, 83.0
Trd, 003966.300, 91.0
Trd, 003966.760, 117
Trd, 003967.300, 116
Trd, 003968.720, 116.0
Trd, 003972.520, 105
Trd, 003994.240, 95.0
Trd, 003995.320, 117.0
Trd, 003995.380, 117.0
Trd, 003995.660, 119
Trd, 003995.780, 116.0
Trd, 003995.860, 138
Trd, 003996.800, 118
Trd, 003997.240, 117
Trd, 004000.200, 100.0
Trd, 004000.860, 107
Trd, 004002.700, 103
Trd, 004004.840, 105
Trd, 004005.240, 108.0
Trd, 004025.420, 124.0
Trd, 004025.660, 112
Trd, 004026.320, 117.0
Trd, 004026.560, 116.0
Trd, 004026.880, 117
Trd, 004027.280, 116
Trd, 004027.540, 116
Trd, 004027.860, 115
Trd, 004029.260, 100.0
Trd, 004034.160, 107.0
Trd, 004044.880, 99.0
Trd, 004055.640, 100.0
Trd, 004055.980, 104
Trd, 004056.120, 103
Trd, 004056.300, 118
Trd, 004056.420, 102
Trd, 004056.460, 100.0
Trd, 004057.340, 105
Trd, 004060.120, 102
Trd, 004060.360, 103
Trd, 004060.800, 104
Trd, 004067.540, 102
Trd, 004075.020, 108.0
Trd, 004076.380, 91.0
Trd, 004085.480, 70.0
Trd, 004085.680, 124.0
Trd, 004085.700, 88
Trd, 004085.880, 77
Trd, 004086.480, 98.0
Trd, 004086.720, 98.0
Trd, 004087.300, 98.0
Trd, 004088.360, 100
Trd, 004088.380, 100.0
Trd, 004089.240, 102
Trd, 004097.400, 108.0
Trd, 004099.100, 107
Trd, 004101.540, 107
Trd, 004115.420, 105
Trd, 004115.580, 66.0
Trd, 004115.700, 108
Trd, 004115.980, 69.0
Trd, 004116.180, 70.0
Trd, 004116.220, 59
Trd, 004116.420, 80
Trd, 004116.640, 83.0
Trd, 004116.780, 95.0
Trd, 004118.260, 117.0
Trd, 004119.300, 116.0
Trd, 004122.760, 115
Trd, 004123.520, 114
Trd, 004125.700, 120
Trd, 004139.180, 91.0
Trd, 004142.160, 83.0
Trd, 004145.400, 91
Trd, 004145.460, 70.0
Trd, 004145.560, 108
Trd, 004146.380, 118.0
Trd, 004147.340, 117.0
Trd, 004147.720, 117.0
Trd, 004149.160, 118.0
Trd, 004149.340, 116.0
Trd, 004155.260, 102
Trd, 004156.500, 100.0
Trd, 004157.500, 102
Trd, 004161.180, 92
Trd, 004171.200, 104
Trd, 004175.720, 150.0
Trd, 004176.120, 109
Trd, 004176.160, 115
Trd, 004176.660, 115
Trd, 004177.040, 111
Trd, 004177.520, 111
Trd, 004177.660, 110
Trd, 004178.740, 110
Trd, 004178.760, 111
Trd, 004191.400, 105
Trd, 004192.440, 100.0
Trd, 004201.720, 91.0
Trd, 004205.500, 100
Trd, 004205.900, 104
Trd, 004206.040, 100
Trd, 004206.240, 142
Trd, 004206.360, 117.0
Trd, 004207.040, 119.0
Trd, 004207.500, 116.0
Trd, 004208.780, 116
Trd, 004209.920, 113
Trd, 004211.460, 110
Trd, 004211.940, 111
Trd, 004225.180, 100.0
Trd, 004235.440, 127
Trd, 004235.640, 66.0
Trd, 004235.840, 69.0
Trd, 004236.260, 70.0
Trd, 004236.280, 66
Trd, 004236.340, 91.0
Trd, 004237.860, 83.0
Trd, 004237.960, 83
Trd, 004239.440, 89
Trd, 004239.780, 95.0
Trd, 004249.220, 100.0
Trd, 004260.940, 98
Trd, 004265.700, 58.0
Trd, 004265.760, 66.0
Trd, 004265.940, 69.0
Trd, 004266.160, 70.0
Trd, 004266.260, 83.0
Trd, 004266.340, 91.0
Trd, 004267.420, 88
Trd, 004268.180, 95.0
Trd, 004269.440, 93
Trd, 004271.080, 100.0
Trd, 004275.060, 101
Trd, 004280.180, 108.0
Trd, 004295.640, 104
Trd, 004295.700, 70.0
Trd, 004295.880, 90
Trd, 004296.320, 101
Trd, 004297.040, 98
Trd, 004297.320, 91
Trd, 004297.740, 94
Trd, 004299.160, 95
Trd, 004299.500, 95.0
Trd, 004301.580, 100.0
Trd, 004307.960, 108.0
Trd, 004311.620, 112
Trd, 004316.460, 112
Trd, 004325.600, 85
Trd, 004325.900, 100.0
Trd, 004326.220, 100
Trd, 004326.360, 99
Trd, 004327.120, 99
Trd, 004327.200, 98
Trd, 004327.540, 101
Trd, 004327.640, 102
Trd, 004329.500, 99
Trd, 004329.880, 100
Trd, 004330.400, 101
Trd, 004346.540, 102
Trd, 004355.620, 102
Trd, 004355.700, 101
Trd, 004355.780, 102
Trd, 004355.980, 121
Trd, 004356.420, 116.0
Trd, 004356.820, 111
Trd, 004357.100, 101
Trd, 004357.440, 107
Trd, 004361.720, 101
Trd, 004361.780, 101
Trd, 004363.140, 100.0
Trd, 004364.640, 100.0
Trd, 004385.800, 150.0
Trd, 004385.980, 101
Trd, 004386.060, 116
Trd, 004386.320, 91.0
Trd, 004386.680, 107
Trd, 004387.800, 116.0
Trd, 004388.040, 114
Trd, 004388.300, 114.0
Trd, 004389.160, 107
Trd, 004391.200, 100.0
Trd, 004393.540, 96
Trd, 004397.940, 94
Trd, 004398.000, 95
Trd, 004415.800, 58.0
Trd, 004415.900, 66.0
Trd, 004415.980, 83.0
Trd, 004416.280, 107.0
Trd, 004416.620, 92
Trd, 004417.340, 98.0
Trd, 004417.760, 97
Trd, 004417.860, 100.0
Trd, 004418.840, 106.0
Trd, 004420.180, 100
Trd, 004427.880, 106
Trd, 004430.440, 91.0
Trd, 004435.240, 108.0
Trd, 004435.680, 98
Trd, 004445.820, 100
Trd, 004446.100, 150.0
Trd, 004446.720, 117
Trd, 004447.240, 116.0
Trd, 004447.340, 100
Trd, 004447.460, 100.0
Trd, 004448.880, 107
Trd, 004449.920, 106
Trd, 004450.660, 106.0
Trd, 004453.160, 101
Trd, 004453.440, 101
Trd, 004455.260, 101
Trd, 004455.940, 108.0
Trd, 004460.820, 91.0
Trd, 004475.860, 150.0
Trd, 004475.900, 116.0
Trd, 004476.540, 96
Trd, 004476.720, 81
Trd, 004477.100, 95
Trd, 004477.280, 95
Trd, 004477.420, 94
Trd, 004478.200, 93
Trd, 004478.380, 94
Trd, 004483.680, 100.0
Trd, 004496.600, 104
Trd, 004500.680, 104
Trd, 004505.740, 79.0
Trd, 004505.880, 93
Trd, 004506.020, 99
Trd, 004506.260, 100.0
Trd, 004507.660, 104
Trd, 004508.480, 108
Trd, 004508.620, 109
Trd, 004509.420, 108
Trd, 004511.360, 106
Trd, 004512.840, 103
Trd, 004515.820, 103
Trd, 004520.940, 104
Trd, 004524.360, 100.0
Trd, 004535.760, 112
Trd, 004536.300, 150.0
Trd, 004536.820, 120.0
Trd, 004537.260, 118
Trd, 004537.600, 116.0
Trd, 004537.660, 110
Trd, 004538.280, 110
Trd, 004539.240, 105
Trd, 004540.220, 104.0
Trd, 004543.320, 101
Trd, 004556.260, 100.0
Trd, 004556.900, 101
Trd, 004562.760, 91.0
Trd, 004565.860, 102
Trd, 004565.980, 88
Trd, 004566.200, 87
Trd, 004566.420, 102
Trd, 004567.660, 99
Trd, 004567.720, 97
Trd, 004567.800, 99
Trd, 004567.820, 101
Trd, 004567.900, 96
Trd, 004569.060, 100.0
Trd, 004570.820, 99
Trd, 004576.260, 98
Trd, 004595.700, 150.0
Trd, 004595.740, 101
Trd, 004595.900, 76.0
Trd, 004596.780, 90
Trd, 004596.820, 83
Trd, 004598.040, 91
Trd, 004598.220, 92
Trd, 004598.900, 92.0
Trd, 004600.400, 93.0
Trd, 004600.460, 95.0
Trd, 004600.740, 100.0
Trd, 004604.240, 102
Trd, 004610.300, 101
Trd, 004625.820, 100
Trd, 004625.900, 109
Trd, 004625.940, 124.0
Trd, 004625.980, 99
Trd, 004626.300, 99
Trd, 004626.480, 98
Trd, 004626.900, 99
Trd, 004627.360, 99.0
Trd, 004631.320, 100.0
Trd, 004635.720, 104
Trd, 004642.540, 100.0
Trd, 004655.780, 79.0
Trd, 004655.960, 150.0
Trd, 004656.420, 127
Trd, 004657.400, 126
Trd, 004657.500, 125
Trd, 004658.040, 123
Trd, 004658.320, 120.0
Trd, 004659.280, 116.0
Trd, 004662.420, 104
Trd, 004664.400, 100.0
Trd, 004670.260, 95.0
Trd, 004671.680, 95
Trd, 004679.960, 121
Trd, 004685.880, 66.0
Trd, 004686.120, 93
Trd, 004686.600, 97.0
Trd, 004686.920, 99.0
Trd, 004687.040, 93
Trd, 004687.160, 94
Trd, 004687.200, 100.0
Trd, 004688.760, 100.0
Trd, 004690.140, 101
Trd, 004691.860, 103.0
Trd, 004698.480, 108.0
Trd, 004704.660, 106
Trd, 004715.900, 85
Trd, 004716.020, 105
Trd, 004716.340, 113
Trd, 004716.440, 121
Trd, 004716.920, 114
Trd, 004718.000, 116
Trd, 004718.280, 115
Trd, 004718.800, 114
Trd, 004719.040, 113
Trd, 004719.360, 100.0
Trd, 004734.000, 95
Trd, 004734.580, 103
Trd, 004745.840, 69
Trd, 004746.360, 118
Trd, 004746.520, 118
Trd, 004747.640, 116
Trd, 004747.740, 116.0
Trd, 004747.840, 116
Trd, 004747.960, 116
Trd, 004748.100, 115
Trd, 004749.100, 114
Trd, 004751.560, 108
Trd, 004758.480, 100.0
Trd, 004766.860, 97
Trd, 004776.160, 103
Trd, 004776.260, 103
Trd, 004776.280, 103
Trd, 004776.400, 124.0
Trd, 004776.520, 91.0
Trd, 004776.640, 86
Trd, 004777.640, 95
Trd, 004777.800, 97
Trd, 004777.960, 100.0
Trd, 004778.180, 108.0
Trd, 004782.040, 105
Trd, 004790.460, 107
Trd, 004805.880, 70.0
Trd, 004806.200, 103
Trd, 004806.640, 120
Trd, 004806.740, 107
Trd, 004807.040, 104
Trd, 004807.640, 116.0
Trd, 004808.200, 115
Trd, 004808.580, 112
Trd, 004809.900, 106
Trd, 004811.060, 103
Trd, 004811.300, 105
Trd, 004812.480, 104
Trd, 004816.380, 100.0
Trd, 004836.120, 102
Trd, 004836.280, 100.0
Trd, 004836.320, 78.0
Trd, 004836.480, 76.0
Trd, 004836.920, 79.0
Trd, 004837.020, 103.0
Trd, 004837.580, 100
Trd, 004838.300, 101.0
Trd, 004838.600, 102.0
Trd, 004838.620, 104.0
Trd, 004839.060, 105
Trd, 004844.820, 108.0
Trd, 004865.980, 116.0
Trd, 004866.500, 110
Trd, 004866.960, 106
Trd, 004866.980, 104
Trd, 004867.440, 108
Trd, 004867.980, 104
Trd, 004868.820, 106
Trd, 004869.860, 106
Trd, 004870.500, 105
Trd, 004871.040, 106
Trd, 004875.780, 100.0
Trd, 004883.820, 108.0
Trd, 004896.020, 70.0
Trd, 004896.120, 83.0
Trd, 004896.840, 104
Trd, 004896.880, 105
Trd, 004896.900, 103
Trd, 004897.140, 100
Trd, 004898.540, 100
Trd, 004898.960, 101
Trd, 004900.020, 104
Trd, 004901.400, 104
Trd, 004907.840, 108.0
Trd, 004908.680, 105
Trd, 004914.280, 102
Trd, 004925.920, 70.0
Trd, 004925.960, 58.0
Trd, 004926.300, 79
Trd, 004926.380, 82.0
Trd, 004926.720, 83.0
Trd, 004927.120, 99.0
Trd, 004927.560, 92
Trd, 004929.140, 93
Trd, 004933.420, 95.0
Trd, 004938.840, 100.0
Trd, 004941.460, 95
Trd, 004944.920, 95
Trd, 004956.040, 66.0
Trd, 004956.240, 96
Trd, 004956.460, 81
Trd, 004956.860, 95
Trd, 004956.900, 89
Trd, 004957.200, 96
Trd, 004958.280, 97
Trd, 004958.840, 97
Trd, 004959.780, 97
Trd, 004959.800, 98.0
Trd, 004965.300, 100.0
Trd, 004971.440, 99
Trd, 004978.900, 107
Trd, 004980.760, 108.0
Trd, 004986.100, 101
Trd, 004986.420, 121
Trd, 004986.500, 102.0
Trd, 004986.580, 100.0
Trd, 004987.000, 105
Trd, 004987.960, 103
Trd, 004989.160, 98
Trd, 004989.420, 96
Trd, 004990.840, 97
Trd, 004993.180, 96
Trd, 004994.980, 96
Trd, 004997.520, 108.0
