Trd, 000030.090, 103.0
Trd, 000030.200, 117.0
Trd, 000030.280, 138
Trd, 000030.330, 141
Trd, 000030.350, 162
Trd, 000030.470, 138
Trd, 000030.610, 148
Trd, 000030.980, 150.0
Trd, 000031.040, 145
Trd, 000031.140, 138
Trd, 000031.640, 138.0
Trd, 000031.790, 144
Trd, 000032.020, 140
Trd, 000032.050, 157
Trd, 000033.050, 137
Trd, 000033.060, 151
Trd, 000033.140, 152
Trd, 000033.550, 163
Trd, 000034.700, 135
Trd, 000034.740, 132.0
Trd, 000060.030, 109.0
Trd, 000060.140, 182
Trd, 000060.590, 156
Trd, 000060.600, 143
Trd, 000060.880, 169
Trd, 000061.070, 166
Trd, 000061.370, 154
Trd, 000062.050, 152.0
Trd, 000062.210, 151
Trd, 000062.530, 163
Trd, 000063.630, 154
Trd, 000063.750, 151
Trd, 000064.080, 158
Trd, 000064.220, 157
Trd, 000064.990, 137
Trd, 000065.150, 154
Trd, 000066.200, 148.0
Trd, 000067.140, 154
Trd, 000069.160, 154
Trd, 000087.240, 159
Trd, 000090.110, 149
Trd, 000090.240, 150
Trd, 000090.420, 131
Trd, 000090.490, 136
Trd, 000090.650, 138
Trd, 000090.810, 139
Trd, 000090.840, 136
Trd, 000091.010, 135
Trd, 000091.120, 137
Trd, 000091.360, 138.0
Trd, 000091.630, 133
Trd, 000091.830, 138
Trd, 000092.130, 127.0
Trd, 000092.470, 140
Trd, 000092.710, 132.0
Trd, 000093.080, 144.0
Trd, 000093.870, 124.0
Trd, 000095.930, 160
Trd, 000096.200, 161
Trd, 000099.560, 181
Trd, 000109.470, 154
Trd, 000109.870, 130
Trd, 000120.230, 117.0
Trd, 000120.240, 112
Trd, 000120.350, 100.0
Trd, 000120.360, 138
Trd, 000120.820, 152.0
Trd, 000120.890, 134.0
Trd, 000121.000, 182
Trd, 000121.120, 151
Trd, 000121.330, 144.0
Trd, 000122.730, 157
Trd, 000124.300, 156
Trd, 000125.670, 160
Trd, 000125.690, 162
Trd, 000128.010, 159
Trd, 000129.610, 158
Trd, 000130.170, 157
Trd, 000133.030, 158
Trd, 000135.000, 153
Trd, 000137.970, 157
Trd, 000142.430, 153
Trd, 000143.550, 147.0
Trd, 000150.110, 150
Trd, 000150.240, 151
Trd, 000150.300, 151
Trd, 000150.440, 152
Trd, 000150.460, 141
Trd, 000150.520, 125
Trd, 000150.800, 143
Trd, 000151.080, 148.0
Trd, 000151.170, 152
Trd, 000151.200, 141
Trd, 000151.280, 137.0
Trd, 000151.300, 125.0
Trd, 000151.470, 128
Trd, 000151.980, 134.0
Trd, 000152.240, 137
Trd, 000152.470, 138
Trd, 000152.510, 141
Trd, 000152.680, 151
Trd, 000153.970, 141
Trd, 000154.750, 137
Trd, 000180.180, 140
Trd, 000180.190, 143
Trd, 000180.280, 132.0
Trd, 000180.450, 150.0
Trd, 000180.560, 135
Trd, 000180.740, 142
Trd, 000180.980, 137
Trd, 000181.050, 142.0
Trd, 000181.330, 138
Trd, 000181.510, 122.0
Trd, 000181.600, 173
Trd, 000182.480, 162
Trd, 000183.210, 157
Trd, 000183.760, 160
Trd, 000184.320, 161
Trd, 000185.520, 161
Trd, 000185.890, 155
Trd, 000191.740, 161
Trd, 000197.340, 161
Trd, 000198.180, 140
Trd, 000200.740, 154
Trd, 000210.130, 152
Trd, 000210.220, 149.0
Trd, 000210.260, 101.0
Trd, 000210.480, 160
Trd, 000210.500, 138
Trd, 000210.940, 145
Trd, 000210.950, 134.0
Trd, 000210.960, 131
Trd, 000211.420, 156
Trd, 000211.590, 151
Trd, 000211.920, 169
Trd, 000212.430, 137
Trd, 000214.070, 151
Trd, 000215.040, 158
Trd, 000216.090, 159
Trd, 000217.750, 159
Trd, 000218.420, 153
Trd, 000220.530, 147
Trd, 000221.190, 142
Trd, 000229.950, 141
Trd, 000235.610, 133
Trd, 000240.160, 107.0
Trd, 000240.430, 142.0
Trd, 000240.530, 141
Trd, 000240.630, 142
Trd, 000241.040, 157
Trd, 000241.350, 154
Trd, 000241.380, 151
Trd, 000241.480, 149.0
Trd, 000242.650, 148
Trd, 000242.690, 164
Trd, 000245.130, 158
Trd, 000246.570, 156
Trd, 000246.990, 158
Trd, 000247.200, 160
Trd, 000252.710, 159
Trd, 000253.630, 157
Trd, 000254.720, 157
Trd, 000257.050, 133.0
Trd, 000259.390, 142
Trd, 000261.710, 132
Trd, 000270.460, 138
Trd, 000270.600, 141
Trd, 000270.720, 138
Trd, 000270.840, 136
Trd, 000270.910, 134
Trd, 000270.960, 133
Trd, 000271.180, 134.0
Trd, 000271.360, 137.0
Trd, 000271.480, 139
Trd, 000271.500, 134
Trd, 000271.560, 139
Trd, 000271.660, 123.0
Trd, 000271.710, 140
Trd, 000271.970, 139
Trd, 000272.020, 140
Trd, 000273.300, 138
Trd, 000274.720, 140
Trd, 000276.620, 142.0
Trd, 000277.190, 162
Trd, 000277.680, 138
Trd, 000294.510, 163
Trd, 000300.240, 131.0
Trd, 000300.330, 139
Trd, 000300.420, 147.0
Trd, 000300.780, 142
Trd, 000300.820, 142
Trd, 000300.900, 139
Trd, 000301.160, 137
Trd, 000301.370, 136
Trd, 000301.640, 143.0
Trd, 000302.340, 152.0
Trd, 000303.860, 150
Trd, 000305.660, 149
Trd, 000305.880, 143
Trd, 000308.210, 149
Trd, 000309.150, 150
Trd, 000309.210, 150
Trd, 000309.820, 138
Trd, 000313.440, 145
Trd, 000314.620, 133.0
Trd, 000315.730, 144
Trd, 000318.070, 144
Trd, 000328.040, 127.0
Trd, 000330.200, 87.0
Trd, 000330.370, 134.0
Trd, 000330.590, 172
Trd, 000330.760, 147.0
Trd, 000330.830, 146
Trd, 000331.050, 141
Trd, 000331.330, 156
Trd, 000331.820, 163
Trd, 000332.820, 161
Trd, 000332.970, 162
Trd, 000333.300, 154
Trd, 000334.520, 156
Trd, 000336.490, 155
Trd, 000336.770, 154
Trd, 000336.830, 156
Trd, 000337.410, 157
Trd, 000343.950, 157
Trd, 000344.430, 141
Trd, 000345.020, 157
Trd, 000351.500, 161
Trd, 000360.350, 138.0
Trd, 000360.610, 136
Trd, 000360.900, 134.0
Trd, 000360.990, 137
Trd, 000361.370, 139
Trd, 000361.470, 134
Trd, 000361.560, 140
Trd, 000361.610, 127.0
Trd, 000361.650, 141
Trd, 000361.810, 141
Trd, 000361.820, 142.0
Trd, 000362.290, 135
Trd, 000362.510, 142
Trd, 000362.610, 137
Trd, 000362.620, 142
Trd, 000363.290, 142
Trd, 000364.100, 160
Trd, 000364.300, 155
Trd, 000371.690, 142
Trd, 000373.650, 158
Trd, 000377.180, 162
Trd, 000388.550, 145
Trd, 000390.280, 108
Trd, 000390.580, 170
Trd, 000390.720, 152.0
Trd, 000390.920, 151
Trd, 000390.980, 155
Trd, 000391.010, 149.0
Trd, 000391.240, 151
Trd, 000391.410, 154
Trd, 000391.500, 151
Trd, 000391.620, 150
Trd, 000391.700, 147
Trd, 000392.080, 146
Trd, 000392.270, 139
Trd, 000392.370, 149
Trd, 000393.360, 146
Trd, 000396.040, 147
Trd, 000396.760, 160
Trd, 000398.940, 148
Trd, 000405.630, 141
Trd, 000409.990, 136
Trd, 000419.090, 160
Trd, 000420.270, 134
Trd, 000420.450, 137.0
Trd, 000420.580, 139
Trd, 000420.620, 138
Trd, 000420.660, 128
Trd, 000420.750, 132.0
Trd, 000420.760, 128
Trd, 000421.100, 134.0
Trd, 000421.220, 139
Trd, 000421.940, 135
Trd, 000422.240, 139
Trd, 000422.760, 138
Trd, 000423.050, 138
Trd, 000423.340, 137
Trd, 000423.400, 140
Trd, 000425.020, 144.0
Trd, 000430.460, 160
Trd, 000432.310, 145
Trd, 000438.030, 151
Trd, 000444.930, 152
Trd, 000450.280, 100.0
Trd, 000450.470, 139.0
Trd, 000450.500, 134.0
Trd, 000450.940, 144
Trd, 000451.240, 158
Trd, 000451.410, 158
Trd, 000452.120, 155
Trd, 000452.940, 152.0
Trd, 000453.180, 157
Trd, 000453.450, 156
Trd, 000455.480, 153
Trd, 000456.890, 156
Trd, 000456.950, 156
Trd, 000458.250, 154
Trd, 000459.290, 155
Trd, 000459.300, 151
Trd, 000459.580, 155
Trd, 000459.940, 154
Trd, 000467.870, 160
Trd, 000469.550, 141
Trd, 000470.320, 149
Trd, 000473.190, 134
Trd, 000480.400, 133
Trd, 000480.490, 121.0
Trd, 000480.730, 133.0
Trd, 000480.750, 143.0
Trd, 000480.770, 144
Trd, 000480.840, 122
Trd, 000480.860, 144
Trd, 000481.050, 122.0
Trd, 000481.140, 130
Trd, 000481.210, 130
Trd, 000481.230, 126.0
Trd, 000481.440, 132.0
Trd, 000481.620, 138.0
Trd, 000481.680, 139
Trd, 000482.690, 135
Trd, 000482.970, 137
Trd, 000485.140, 141
Trd, 000488.150, 143
Trd, 000495.750, 153
Trd, 000501.980, 153
Trd, 000510.440, 144
Trd, 000510.480, 145
Trd, 000510.670, 145
Trd, 000510.710, 132
Trd, 000510.810, 144
Trd, 000510.840, 152.0
Trd, 000510.900, 146
Trd, 000511.160, 158
Trd, 000511.240, 133
Trd, 000511.360, 127.0
Trd, 000511.370, 160
Trd, 000511.810, 132.0
Trd, 000511.990, 149
Trd, 000512.120, 147.0
Trd, 000512.420, 132.0
Trd, 000512.850, 126
Trd, 000513.290, 124
Trd, 000514.080, 134
Trd, 000514.690, 136
Trd, 000515.030, 136
Trd, 000521.450, 158
Trd, 000540.360, 165
Trd, 000540.400, 189
Trd, 000540.550, 150
Trd, 000540.600, 120
Trd, 000541.060, 144
Trd, 000541.460, 148.0
Trd, 000541.950, 151
Trd, 000542.280, 150
Trd, 000542.520, 149
Trd, 000543.580, 150
Trd, 000543.840, 150
Trd, 000545.030, 149
Trd, 000545.220, 148
Trd, 000545.270, 149
Trd, 000545.660, 148
Trd, 000547.660, 148
Trd, 000549.780, 142
Trd, 000556.680, 140
Trd, 000564.150, 145
Trd, 000566.550, 135
Trd, 000570.390, 159
Trd, 000570.400, 149.0
Trd, 000570.420, 132.0
Trd, 000570.520, 88.0
Trd, 000570.640, 146
Trd, 000570.680, 141
Trd, 000571.300, 144.0
Trd, 000571.470, 167
Trd, 000571.540, 140
Trd, 000571.710, 139
Trd, 000572.860, 151
Trd, 000575.070, 158
Trd, 000577.180, 166
Trd, 000577.900, 165
Trd, 000578.210, 158
Trd, 000578.430, 164
Trd, 000581.350, 159
Trd, 000583.500, 158
Trd, 000588.960, 153
Trd, 000590.590, 150.0
Trd, 000590.740, 156
Trd, 000600.500, 150
Trd, 000600.670, 152.0
Trd, 000600.700, 149
Trd, 000600.770, 148
Trd, 000600.850, 159
Trd, 000600.920, 147.0
Trd, 000600.930, 146
Trd, 000600.990, 150
Trd, 000601.000, 125.0
Trd, 000601.280, 124.0
Trd, 000601.560, 137.0
Trd, 000602.670, 130.0
Trd, 000602.760, 131
Trd, 000602.930, 138
Trd, 000603.270, 140
Trd, 000603.910, 131
Trd, 000604.360, 141
Trd, 000607.070, 145
Trd, 000607.210, 159
Trd, 000609.550, 162
Trd, 000613.220, 136
Trd, 000624.450, 177
Trd, 000630.600, 133
Trd, 000630.610, 142.0
Trd, 000630.670, 136
Trd, 000630.830, 136
Trd, 000631.120, 139
Trd, 000631.140, 133.0
Trd, 000631.590, 132.0
Trd, 000631.690, 134
Trd, 000631.920, 137
Trd, 000632.200, 136
Trd, 000632.260, 138.0
Trd, 000632.470, 140
Trd, 000632.860, 142
Trd, 000633.830, 141
Trd, 000634.480, 137
Trd, 000635.000, 139
Trd, 000639.480, 160
Trd, 000641.990, 151.0
Trd, 000642.850, 147
Trd, 000654.310, 166
Trd, 000655.340, 126.0
Trd, 000659.770, 122.0
Trd, 000660.570, 142.0
Trd, 000660.610, 123
Trd, 000660.720, 102.0
Trd, 000660.750, 101.0
Trd, 000660.760, 117.0
Trd, 000660.840, 133.0
Trd, 000660.890, 128
Trd, 000660.900, 130
Trd, 000661.280, 130.0
Trd, 000662.240, 132
Trd, 000662.310, 142
Trd, 000662.350, 145
Trd, 000662.720, 138.0
Trd, 000663.890, 138
Trd, 000667.880, 132
Trd, 000670.980, 137
Trd, 000673.670, 136
Trd, 000676.730, 134
Trd, 000681.420, 134
Trd, 000690.520, 134
Trd, 000690.570, 132
Trd, 000690.590, 130
Trd, 000690.620, 122.0
Trd, 000690.720, 137
Trd, 000690.980, 126
Trd, 000691.090, 123
Trd, 000691.410, 132.0
Trd, 000692.060, 135
Trd, 000692.080, 137
Trd, 000692.330, 138.0
Trd, 000693.510, 141
Trd, 000697.890, 138
Trd, 000699.130, 137
Trd, 000699.380, 138
Trd, 000701.860, 143.0
Trd, 000706.020, 165
Trd, 000707.150, 163
Trd, 000714.130, 144
Trd, 000720.490, 103.0
Trd, 000720.510, 108.0
Trd, 000720.730, 118.0
Trd, 000720.930, 147.0
Trd, 000721.000, 132.0
Trd, 000721.700, 161
Trd, 000721.840, 157
Trd, 000722.200, 160
Trd, 000723.410, 178
Trd, 000724.450, 174
Trd, 000725.620, 181
Trd, 000727.040, 172
Trd, 000729.740, 180
Trd, 000734.940, 157
Trd, 000739.300, 167
Trd, 000740.480, 155
Trd, 000747.180, 150.0
Trd, 000750.560, 105
Trd, 000750.610, 129
Trd, 000750.750, 145
Trd, 000750.980, 148
Trd, 000751.030, 138
Trd, 000751.350, 137.0
Trd, 000751.710, 136
Trd, 000753.570, 154
Trd, 000753.780, 154
Trd, 000753.870, 165
Trd, 000754.070, 167
Trd, 000755.050, 163
Trd, 000761.310, 147.0
Trd, 000761.990, 159
Trd, 000763.400, 157
Trd, 000766.760, 141
Trd, 000767.920, 148
Trd, 000768.890, 145
Trd, 000773.640, 140
Trd, 000780.610, 142
Trd, 000780.700, 143.0
Trd, 000780.850, 141
Trd, 000781.020, 139
Trd, 000781.050, 142
Trd, 000781.150, 145
Trd, 000781.180, 136
Trd, 000781.330, 138.0
Trd, 000781.430, 152.0
Trd, 000781.480, 134.0
Trd, 000781.600, 141
Trd, 000782.480, 142
Trd, 000782.840, 145
Trd, 000783.020, 142
Trd, 000783.330, 147
Trd, 000783.960, 155
Trd, 000783.990, 161
Trd, 000784.080, 138
Trd, 000785.010, 127.0
Trd, 000787.010, 164
Trd, 000795.540, 168
Trd, 000810.540, 174
Trd, 000810.660, 156
Trd, 000810.690, 140
Trd, 000810.730, 156
Trd, 000810.760, 123.0
Trd, 000810.960, 183
Trd, 000811.180, 150.0
Trd, 000811.480, 149
Trd, 000811.730, 149
Trd, 000812.040, 149.0
Trd, 000812.920, 146
Trd, 000813.110, 156
Trd, 000814.430, 141
Trd, 000814.950, 153
Trd, 000817.000, 153
Trd, 000818.740, 137
Trd, 000819.450, 150
Trd, 000819.590, 154
Trd, 000822.760, 162
Trd, 000832.010, 163
Trd, 000840.820, 151
Trd, 000840.840, 150.0
Trd, 000840.930, 141
Trd, 000840.960, 143
Trd, 000840.980, 148
Trd, 000841.240, 134
Trd, 000841.270, 115
Trd, 000841.660, 135
Trd, 000841.690, 133
Trd, 000841.700, 129
Trd, 000841.780, 137.0
Trd, 000842.140, 139
Trd, 000842.210, 141
Trd, 000842.580, 143
Trd, 000843.300, 142
Trd, 000847.050, 137
Trd, 000850.130, 142
Trd, 000850.230, 144.0
Trd, 000852.260, 136
Trd, 000853.160, 132.0
Trd, 000870.550, 135
Trd, 000870.910, 137
Trd, 000870.920, 134.0
Trd, 000870.930, 142.0
Trd, 000870.980, 133
Trd, 000871.290, 142
Trd, 000871.840, 143
Trd, 000871.950, 137
Trd, 000872.670, 138
Trd, 000873.020, 137.0
Trd, 000873.210, 134
Trd, 000873.920, 138
Trd, 000874.020, 144
Trd, 000875.610, 139
Trd, 000876.480, 140
Trd, 000877.770, 142
Trd, 000877.890, 143
Trd, 000879.250, 142
Trd, 000879.360, 142
Trd, 000882.820, 131
Trd, 000890.190, 127.0
Trd, 000896.010, 161
Trd, 000900.770, 102.0
Trd, 000900.820, 107.0
Trd, 000900.900, 129
Trd, 000901.090, 138.0
Trd, 000901.500, 133.0
Trd, 000901.780, 132.0
Trd, 000902.000, 147
Trd, 000902.090, 147
Trd, 000902.450, 147
Trd, 000902.470, 137
Trd, 000902.810, 150
Trd, 000902.870, 155
Trd, 000903.540, 142.0
Trd, 000904.920, 141
Trd, 000906.450, 146
Trd, 000906.590, 148
Trd, 000912.560, 146
Trd, 000914.150, 148
Trd, 000926.590, 143
Trd, 000928.030, 137
Trd, 000930.780, 158
Trd, 000930.810, 151
Trd, 000930.890, 153
Trd, 000930.900, 149.0
Trd, 000930.990, 188
Trd, 000931.290, 157
Trd, 000931.410, 152.0
Trd, 000931.760, 134
Trd, 000931.980, 137.0
Trd, 000932.650, 146
Trd, 000932.740, 140
Trd, 000932.760, 132.0
Trd, 000933.060, 127.0
Trd, 000933.850, 143
Trd, 000933.870, 146
Trd, 000934.620, 146
Trd, 000934.720, 144
Trd, 000939.300, 161
Trd, 000941.610, 163
Trd, 000944.390, 171
Trd, 000948.960, 123
Trd, 000957.370, 178
Trd, 000960.750, 155
Trd, 000960.830, 151
Trd, 000960.840, 155
Trd, 000960.950, 150.0
Trd, 000961.330, 135
Trd, 000961.420, 135
Trd, 000961.460, 127.0
Trd, 000961.510, 138.0
Trd, 000961.700, 123.0
Trd, 000962.580, 133
Trd, 000962.800, 134
Trd, 000962.850, 143
Trd, 000962.910, 144
Trd, 000965.130, 142
Trd, 000966.980, 138
Trd, 000967.430, 142
Trd, 000969.020, 140
Trd, 000970.370, 144.0
Trd, 000972.120, 142
Trd, 000976.710, 138
Trd, 000983.730, 145
Trd, 000985.910, 142
Trd, 000990.750, 162
Trd, 000990.860, 152.0
Trd, 000991.000, 147
Trd, 000991.240, 148
Trd, 000991.250, 134.0
Trd, 000991.300, 150
Trd, 000991.400, 139
Trd, 000992.080, 147.0
Trd, 000992.360, 142
Trd, 000992.570, 139
Trd, 000992.600, 134
Trd, 000992.610, 126.0
Trd, 000993.440, 146
Trd, 000993.490, 146
Trd, 000995.200, 146
Trd, 000996.780, 144
Trd, 001002.530, 151
Trd, 001003.380, 150
Trd, 001006.520, 125
Trd, 001012.400, 162
Trd, 001013.120, 162
Trd, 001020.710, 103.0
Trd, 001020.740, 101.0
Trd, 001020.880, 118
Trd, 001020.970, 119
Trd, 001021.020, 96
Trd, 001021.220, 126
Trd, 001021.320, 121
Trd, 001021.360, 119.0
Trd, 001021.440, 125
Trd, 001021.540, 122
Trd, 001021.570, 132.0
Trd, 001021.770, 138
Trd, 001021.820, 139.0
Trd, 001022.130, 142
Trd, 001023.730, 132
Trd, 001025.280, 132
Trd, 001025.820, 141
Trd, 001026.440, 143.0
Trd, 001029.980, 161
Trd, 001030.540, 150.0
Trd, 001030.700, 134
Trd, 001030.890, 129
Trd, 001050.770, 134.0
Trd, 001050.880, 137.0
Trd, 001050.940, 140
Trd, 001050.970, 134
Trd, 001050.980, 133
Trd, 001051.110, 140
Trd, 001051.150, 149
Trd, 001051.190, 150.0
Trd, 001051.350, 143
Trd, 001051.550, 144
Trd, 001051.580, 141
Trd, 001052.110, 142
Trd, 001052.300, 142
Trd, 001052.400, 144
Trd, 001053.150, 135
Trd, 001053.470, 128
Trd, 001054.480, 142
Trd, 001057.600, 143
Trd, 001060.560, 138
Trd, 001068.690, 162
Trd, 001078.550, 157
Trd, 001080.760, 138.0
Trd, 001080.820, 88.0
Trd, 001080.840, 117.0
Trd, 001081.190, 151.0
Trd, 001081.270, 147
Trd, 001081.440, 158
Trd, 001081.630, 146
Trd, 001081.910, 159
Trd, 001083.040, 155
Trd, 001083.060, 153
Trd, 001084.890, 157
Trd, 001085.250, 158
Trd, 001086.610, 157
Trd, 001087.300, 152
Trd, 001089.630, 156
Trd, 001091.250, 148
Trd, 001091.340, 156
Trd, 001093.720, 153
Trd, 001107.290, 147.0
Trd, 001109.670, 153
Trd, 001110.850, 133
Trd, 001110.920, 141
Trd, 001110.950, 125.0
Trd, 001110.960, 123.0
Trd, 001111.040, 132.0
Trd, 001111.250, 127
Trd, 001111.280, 155
Trd, 001111.330, 148
Trd, 001111.350, 147.0
Trd, 001111.670, 148
Trd, 001112.140, 150.0
Trd, 001112.300, 138
Trd, 001112.380, 144
Trd, 001114.030, 143
Trd, 001114.310, 143
Trd, 001114.670, 141
Trd, 001117.130, 141
Trd, 001120.270, 160
Trd, 001120.390, 139
Trd, 001127.390, 140
Trd, 001128.130, 162
Trd, 001140.770, 133.0
Trd, 001140.980, 142.0
Trd, 001141.000, 140
Trd, 001141.190, 135
Trd, 001141.470, 136
Trd, 001141.630, 139
Trd, 001141.650, 134
Trd, 001141.720, 137.0
Trd, 001141.990, 135
Trd, 001142.170, 137
Trd, 001142.180, 133
Trd, 001142.210, 137
Trd, 001142.220, 140
Trd, 001142.680, 142
Trd, 001143.520, 134
Trd, 001144.400, 140
Trd, 001145.220, 161
Trd, 001145.470, 163
Trd, 001146.170, 158
Trd, 001152.850, 135
Trd, 001170.810, 153
Trd, 001170.820, 151.0
Trd, 001170.930, 134.0
Trd, 001171.100, 100.0
Trd, 001171.190, 109.0
Trd, 001171.350, 130.0
Trd, 001171.600, 142
Trd, 001171.670, 148
Trd, 001171.820, 161
Trd, 001172.080, 174
Trd, 001172.160, 157
Trd, 001172.290, 126
Trd, 001172.460, 133
Trd, 001172.510, 149
Trd, 001172.780, 138
Trd, 001173.170, 141
Trd, 001173.440, 142.0
Trd, 001173.500, 157
Trd, 001174.070, 158
Trd, 001174.640, 166
Trd, 001174.870, 145
Trd, 001176.190, 166
Trd, 001183.570, 125.0
Trd, 001200.860, 133
Trd, 001200.890, 111.0
Trd, 001201.090, 143
Trd, 001201.200, 140
Trd, 001201.620, 138
Trd, 001201.640, 138
Trd, 001201.720, 142
Trd, 001201.790, 144.0
Trd, 001202.080, 150
Trd, 001202.240, 146
Trd, 001202.300, 148.0
Trd, 001203.220, 158
Trd, 001205.260, 158
Trd, 001205.400, 157
Trd, 001206.040, 171
Trd, 001211.620, 165
Trd, 001217.360, 167
Trd, 001220.390, 147
Trd, 001224.390, 167
Trd, 001225.260, 154
Trd, 001226.190, 133.0
Trd, 001230.870, 183
Trd, 001230.890, 144
Trd, 001231.010, 151.0
Trd, 001231.030, 158
Trd, 001231.420, 150
Trd, 001232.370, 149
Trd, 001232.410, 153
Trd, 001232.460, 148
Trd, 001232.610, 154
Trd, 001232.650, 148.0
Trd, 001233.050, 142.0
Trd, 001233.370, 137
Trd, 001233.630, 142
Trd, 001234.240, 140
Trd, 001235.270, 142
Trd, 001235.460, 148
Trd, 001238.440, 161
Trd, 001242.210, 137
Trd, 001248.730, 134
Trd, 001254.380, 132.0
Trd, 001260.900, 134
Trd, 001261.020, 133
Trd, 001261.040, 132
Trd, 001261.080, 127.0
Trd, 001261.090, 137.0
Trd, 001261.320, 132.0
Trd, 001261.420, 140
Trd, 001261.530, 134
Trd, 001261.620, 136
Trd, 001261.780, 137
Trd, 001261.920, 133
Trd, 001262.060, 139
Trd, 001262.220, 133
Trd, 001265.380, 134
Trd, 001265.810, 134
Trd, 001267.930, 134
Trd, 001268.710, 133
Trd, 001269.380, 144.0
Trd, 001275.740, 159
Trd, 001276.910, 153
Trd, 001281.290, 123.0
Trd, 001281.610, 163
Trd, 001287.660, 167
Trd, 001291.140, 146
Trd, 001291.160, 151
Trd, 001291.280, 149
Trd, 001291.420, 148
Trd, 001291.480, 139
Trd, 001291.600, 150
Trd, 001291.950, 145
Trd, 001292.040, 148
Trd, 001292.150, 147
Trd, 001292.170, 149
Trd, 001292.510, 144
Trd, 001293.000, 145
Trd, 001293.090, 145
Trd, 001295.300, 142
Trd, 001296.310, 136
Trd, 001297.290, 135
Trd, 001297.420, 144
Trd, 001299.180, 143
Trd, 001303.020, 149
Trd, 001316.670, 133.0
Trd, 001320.910, 104.0
Trd, 001320.980, 133
Trd, 001321.180, 134
Trd, 001321.320, 136
Trd, 001321.380, 133
Trd, 001321.730, 135
Trd, 001321.880, 142
Trd, 001322.260, 135
Trd, 001322.310, 135
Trd, 001322.530, 134
Trd, 001323.780, 134
Trd, 001324.020, 136
Trd, 001324.060, 131
Trd, 001324.270, 137.0
Trd, 001324.280, 127.0
Trd, 001324.350, 137
Trd, 001324.920, 143.0
Trd, 001325.630, 159
Trd, 001329.520, 160
Trd, 001341.180, 132.0
Trd, 001347.970, 144
Trd, 001350.900, 145
Trd, 001350.990, 145
Trd, 001351.080, 140
Trd, 001351.400, 143.0
Trd, 001351.460, 144
Trd, 001351.600, 138
Trd, 001351.640, 139.0
Trd, 001351.730, 133.0
Trd, 001351.740, 147
Trd, 001351.840, 126.0
Trd, 001351.970, 160
Trd, 001352.010, 129
Trd, 001352.860, 143
Trd, 001353.320, 151
Trd, 001353.730, 146
Trd, 001354.420, 135
Trd, 001354.910, 162
Trd, 001356.640, 133
Trd, 001358.100, 142
Trd, 001358.200, 138
Trd, 001361.550, 177
Trd, 001364.180, 165
Trd, 001380.960, 193.0
Trd, 001381.080, 143
Trd, 001381.140, 123
Trd, 001381.370, 138.0
Trd, 001381.380, 143.0
Trd, 001381.630, 140
Trd, 001381.910, 141
Trd, 001381.920, 133.0
Trd, 001381.950, 133
Trd, 001382.400, 136
Trd, 001382.440, 143
Trd, 001382.590, 143
Trd, 001382.720, 147
Trd, 001383.370, 141
Trd, 001383.820, 141
Trd, 001384.260, 135
Trd, 001386.220, 135
Trd, 001389.370, 134
Trd, 001390.860, 141
Trd, 001391.370, 141
Trd, 001394.990, 160
Trd, 001396.780, 127.0
Trd, 001404.940, 123.0
Trd, 001410.930, 119.0
Trd, 001411.000, 124.0
Trd, 001411.320, 143
Trd, 001411.460, 128
Trd, 001411.530, 144.0
Trd, 001411.820, 131.0
Trd, 001412.220, 153
Trd, 001412.600, 152.0
Trd, 001414.930, 149.0
Trd, 001415.000, 144
Trd, 001415.600, 145
Trd, 001416.970, 153
Trd, 001421.210, 145
Trd, 001422.220, 158
Trd, 001423.750, 145
Trd, 001429.370, 157
Trd, 001432.330, 155
Trd, 001434.410, 158
Trd, 001441.040, 154
Trd, 001441.180, 148.0
Trd, 001441.240, 134.0
Trd, 001441.250, 124.0
Trd, 001441.580, 139.0
Trd, 001441.590, 143.0
Trd, 001441.680, 143
Trd, 001441.870, 139
Trd, 001441.980, 136
Trd, 001442.430, 135
Trd, 001442.590, 127.0
Trd, 001443.070, 141
Trd, 001443.570, 142
Trd, 001444.760, 142
Trd, 001445.800, 138
Trd, 001445.890, 141
Trd, 001448.220, 140
Trd, 001448.650, 146
Trd, 001451.150, 147
Trd, 001455.030, 152
Trd, 001460.880, 151
Trd, 001471.050, 165
Trd, 001471.190, 165
Trd, 001471.260, 164
Trd, 001471.410, 150.0
Trd, 001471.630, 163
Trd, 001471.700, 151
Trd, 001471.830, 146
Trd, 001472.040, 157
Trd, 001472.130, 158
Trd, 001472.640, 150
Trd, 001472.650, 148.0
Trd, 001472.870, 147
Trd, 001473.490, 141
Trd, 001474.280, 137
Trd, 001474.640, 140
Trd, 001474.810, 135
Trd, 001475.140, 143
Trd, 001475.360, 134
Trd, 001475.510, 133.0
Trd, 001476.650, 140
Trd, 001480.830, 141
Trd, 001487.840, 127.0
Trd, 001501.070, 118.0
Trd, 001501.080, 123
Trd, 001501.120, 128
Trd, 001501.240, 108
Trd, 001501.380, 130
Trd, 001501.480, 136
Trd, 001501.710, 123
Trd, 001501.800, 123
Trd, 001502.180, 133
Trd, 001502.640, 130.0
Trd, 001502.710, 133
Trd, 001503.120, 133
Trd, 001503.160, 141
Trd, 001503.530, 143.0
Trd, 001504.070, 139
Trd, 001504.970, 133
Trd, 001507.080, 130
Trd, 001508.350, 137.0
Trd, 001512.690, 162
Trd, 001513.830, 137
Trd, 001515.660, 146
Trd, 001523.890, 122.0
Trd, 001531.020, 103
Trd, 001531.070, 118.0
Trd, 001531.200, 131.0
Trd, 001531.480, 148.0
Trd, 001531.640, 185
Trd, 001531.730, 150
Trd, 001531.990, 155
Trd, 001532.110, 152
Trd, 001532.910, 151
Trd, 001533.420, 179
Trd, 001533.990, 171
Trd, 001539.130, 169
Trd, 001540.860, 162
Trd, 001541.050, 166
Trd, 001543.660, 151
Trd, 001543.840, 166
Trd, 001543.860, 150.0
Trd, 001557.870, 155
Trd, 001558.750, 142
Trd, 001560.150, 153
Trd, 001561.050, 146
Trd, 001561.150, 156
Trd, 001561.260, 152
Trd, 001561.450, 152
Trd, 001561.460, 150.0
Trd, 001561.750, 148.0
Trd, 001561.900, 134
Trd, 001562.060, 144.0
Trd, 001562.590, 142
Trd, 001562.820, 141
Trd, 001563.180, 142
Trd, 001563.590, 140
Trd, 001563.600, 139
Trd, 001564.060, 142
Trd, 001564.070, 142
Trd, 001564.760, 144
Trd, 001565.210, 161
Trd, 001565.250, 139
Trd, 001565.750, 161
Trd, 001573.000, 132.0
Trd, 001578.700, 142
Trd, 001591.230, 148
Trd, 001591.280, 149
Trd, 001591.330, 148
Trd, 001591.420, 147
Trd, 001591.450, 136
Trd, 001591.490, 148
Trd, 001591.650, 135
Trd, 001591.700, 128
Trd, 001591.810, 144
Trd, 001591.860, 133
Trd, 001592.050, 125
Trd, 001592.880, 135
Trd, 001593.930, 137
Trd, 001594.280, 139
Trd, 001595.170, 140
Trd, 001597.050, 140
Trd, 001598.360, 143.0
Trd, 001600.000, 163
Trd, 001600.950, 149
Trd, 001604.790, 132.0
Trd, 001609.610, 160
Trd, 001611.520, 126.0
Trd, 001621.150, 140
Trd, 001621.300, 152
Trd, 001621.430, 127
Trd, 001621.630, 152
Trd, 001621.930, 159
Trd, 001621.950, 148.0
Trd, 001622.290, 144
Trd, 001622.890, 143.0
Trd, 001622.900, 142
Trd, 001622.980, 138
Trd, 001623.350, 137
Trd, 001623.670, 132.0
Trd, 001624.530, 138
Trd, 001625.580, 144
Trd, 001626.420, 144
Trd, 001628.880, 137
Trd, 001628.910, 137.0
Trd, 001630.000, 134
Trd, 001630.310, 138
Trd, 001631.030, 138
Trd, 001637.020, 142
Trd, 001644.080, 127.0
Trd, 001651.110, 103.0
Trd, 001651.180, 118.0
Trd, 001651.440, 152.0
Trd, 001651.540, 147.0
Trd, 001651.620, 178
Trd, 001652.080, 154
Trd, 001653.660, 158
Trd, 001653.770, 155
Trd, 001654.280, 138.0
Trd, 001656.790, 151
Trd, 001656.900, 151
Trd, 001657.750, 152
Trd, 001658.280, 152
Trd, 001659.480, 153
Trd, 001659.860, 152
Trd, 001660.170, 154
Trd, 001667.670, 142
Trd, 001669.170, 142
Trd, 001670.260, 142
Trd, 001681.240, 142
Trd, 001681.270, 132.0
Trd, 001681.440, 126.0
Trd, 001681.520, 118
Trd, 001681.590, 136
Trd, 001681.690, 135
Trd, 001681.760, 116
Trd, 001681.870, 134
Trd, 001682.150, 133
Trd, 001682.250, 139.0
Trd, 001682.390, 132
Trd, 001682.400, 143.0
Trd, 001682.440, 132.0
Trd, 001682.960, 145
Trd, 001683.910, 137
Trd, 001685.520, 137
Trd, 001685.920, 161
Trd, 001688.000, 162
Trd, 001690.030, 184
Trd, 001690.600, 158
Trd, 001692.310, 170
Trd, 001692.320, 156
Trd, 001711.270, 149.0
Trd, 001711.280, 152
Trd, 001711.360, 131
Trd, 001711.430, 138
Trd, 001711.590, 132.0
Trd, 001711.600, 131
Trd, 001711.760, 136
Trd, 001711.920, 139.0
Trd, 001712.020, 131
Trd, 001712.120, 161
Trd, 001712.720, 143
Trd, 001712.770, 127.0
Trd, 001712.880, 151.0
Trd, 001713.220, 162
Trd, 001713.730, 152
Trd, 001713.900, 122.0
Trd, 001715.650, 160
Trd, 001721.530, 151
Trd, 001722.550, 148
Trd, 001724.820, 147
Trd, 001728.820, 148
Trd, 001729.760, 156
Trd, 001741.220, 164
Trd, 001741.270, 148.0
Trd, 001741.290, 135
Trd, 001741.370, 156
Trd, 001741.400, 124.0
Trd, 001741.710, 138.0
Trd, 001741.980, 140
Trd, 001742.140, 133.0
Trd, 001742.300, 136
Trd, 001742.590, 131.0
Trd, 001742.600, 139
Trd, 001742.610, 139
Trd, 001743.230, 140
Trd, 001744.950, 140
Trd, 001746.080, 142
Trd, 001746.230, 161
Trd, 001746.400, 136
Trd, 001747.670, 161
Trd, 001748.050, 153
Trd, 001749.390, 147
Trd, 001749.820, 127.0
Trd, 001771.170, 141
Trd, 001771.250, 86.0
Trd, 001771.550, 103.0
Trd, 001771.600, 99.0
Trd, 001771.730, 106
Trd, 001771.920, 109.0
Trd, 001772.030, 112
Trd, 001772.100, 121
Trd, 001772.640, 114
Trd, 001772.870, 123
Trd, 001772.940, 126
Trd, 001773.300, 132.0
Trd, 001774.150, 136
Trd, 001776.850, 132.0
Trd, 001778.780, 139.0
Trd, 001779.120, 133
Trd, 001781.500, 142
Trd, 001781.780, 143.0
Trd, 001784.350, 136
Trd, 001785.620, 136
Trd, 001801.250, 107.0
Trd, 001801.480, 132.0
Trd, 001801.490, 131
Trd, 001801.500, 131
Trd, 001801.610, 142
Trd, 001801.680, 139
Trd, 001801.840, 151.0
Trd, 001801.900, 142
Trd, 001802.120, 132
Trd, 001802.160, 127.0
Trd, 001802.650, 132
Trd, 001802.890, 130
Trd, 001803.020, 124.0
Trd, 001803.170, 139
Trd, 001804.670, 144.0
Trd, 001805.170, 148
Trd, 001805.350, 148
Trd, 001806.050, 158
Trd, 001806.670, 149
Trd, 001808.440, 137
Trd, 001811.130, 162
Trd, 001813.040, 137
Trd, 001825.720, 119.0
Trd, 001831.400, 150
Trd, 001831.410, 133.0
Trd, 001831.450, 145
Trd, 001831.480, 147.0
Trd, 001831.690, 141
Trd, 001831.700, 134
Trd, 001831.750, 125.0
Trd, 001831.860, 145
Trd, 001831.920, 121
Trd, 001832.270, 139
Trd, 001832.380, 110
Trd, 001833.380, 137
Trd, 001834.500, 136
Trd, 001835.350, 132
Trd, 001835.550, 139.0
Trd, 001836.550, 130
Trd, 001838.120, 139
Trd, 001840.060, 142.0
Trd, 001840.820, 142
Trd, 001841.290, 164
Trd, 001841.360, 165
Trd, 001851.030, 147
Trd, 001853.920, 147
Trd, 001861.340, 141
Trd, 001861.360, 109.0
Trd, 001861.460, 131
Trd, 001861.750, 131.0
Trd, 001861.830, 134
Trd, 001862.010, 130
Trd, 001862.090, 131
Trd, 001862.270, 136
Trd, 001862.310, 137
Trd, 001862.650, 129
Trd, 001862.980, 130
Trd, 001863.000, 140
Trd, 001863.270, 139
Trd, 001863.920, 140
Trd, 001864.920, 142.0
Trd, 001865.590, 135
Trd, 001865.860, 138
Trd, 001866.180, 143
Trd, 001868.190, 162
Trd, 001869.730, 133.0
Trd, 001870.410, 126.0
Trd, 001884.280, 123.0
Trd, 001891.450, 151.0
Trd, 001891.550, 147
Trd, 001891.680, 157
Trd, 001891.790, 153
Trd, 001891.880, 154
Trd, 001891.950, 151
Trd, 001892.130, 151
Trd, 001892.350, 143
Trd, 001892.470, 136
Trd, 001892.700, 147
Trd, 001892.770, 147
Trd, 001892.800, 125.0
Trd, 001893.230, 137
Trd, 001893.460, 136
Trd, 001894.880, 147
Trd, 001896.730, 147
Trd, 001898.190, 147
Trd, 001900.630, 150
Trd, 001902.490, 149
Trd, 001905.350, 133.0
Trd, 001906.080, 130
Trd, 001908.260, 124.0
Trd, 001913.650, 161
Trd, 001921.410, 134.0
Trd, 001921.620, 139
Trd, 001921.640, 137
Trd, 001921.980, 135
Trd, 001922.000, 143
Trd, 001922.160, 143
Trd, 001922.400, 141
Trd, 001922.590, 143
Trd, 001922.790, 135
Trd, 001922.800, 145
Trd, 001923.750, 142
Trd, 001924.070, 143
Trd, 001924.220, 140
Trd, 001924.720, 141
Trd, 001925.010, 142
Trd, 001926.600, 138
Trd, 001927.270, 142.0
Trd, 001929.480, 142
Trd, 001930.540, 163
Trd, 001941.580, 164
Trd, 001945.950, 135
Trd, 001951.440, 136
Trd, 001951.500, 134
Trd, 001951.520, 127
Trd, 001951.570, 151
Trd, 001951.660, 136
Trd, 001951.740, 150
Trd, 001951.940, 149.0
Trd, 001952.370, 144
Trd, 001952.450, 143
Trd, 001952.490, 146
Trd, 001952.510, 142
Trd, 001952.740, 147
Trd, 001952.870, 147
Trd, 001953.560, 149
Trd, 001953.830, 141
Trd, 001956.230, 141
Trd, 001958.360, 148
Trd, 001960.820, 151
Trd, 001965.010, 140
Trd, 001970.160, 133.0
Trd, 001981.290, 150.0
Trd, 001981.520, 131
Trd, 001981.560, 120.0
Trd, 001981.680, 120
Trd, 001982.030, 127
Trd, 001982.160, 130.0
Trd, 001982.460, 137
Trd, 001982.480, 125
Trd, 001982.670, 136
Trd, 001982.960, 127.0
Trd, 001983.160, 137
Trd, 001983.520, 141
Trd, 001983.800, 144.0
Trd, 001984.070, 145
Trd, 001984.230, 142
Trd, 001984.800, 160
Trd, 001984.940, 141
Trd, 001987.770, 151
Trd, 001992.870, 149
Trd, 001995.780, 134.0
Trd, 001999.250, 143
Trd, 002011.550, 151.0
Trd, 002011.660, 149
Trd, 002012.280, 152
Trd, 002012.310, 151
Trd, 002012.460, 148.0
Trd, 002012.540, 151
Trd, 002012.790, 148
Trd, 002013.040, 146
Trd, 002013.090, 145
Trd, 002013.430, 145
Trd, 002014.130, 139
Trd, 002014.470, 150
Trd, 002015.100, 148
Trd, 002015.580, 149
Trd, 002017.860, 142
Trd, 002018.060, 134
Trd, 002020.960, 143
Trd, 002021.310, 143
Trd, 002021.830, 143
Trd, 002032.080, 160
Trd, 002041.450, 141
Trd, 002041.570, 139
Trd, 002041.590, 146
Trd, 002041.640, 151
Trd, 002041.830, 144
Trd, 002042.000, 143
Trd, 002042.080, 133
Trd, 002042.310, 141
Trd, 002042.380, 145
Trd, 002042.510, 136
Trd, 002042.520, 146
Trd, 002042.940, 130.0
Trd, 002043.130, 126.0
Trd, 002043.470, 132
Trd, 002044.040, 144
Trd, 002044.130, 139.0
Trd, 002044.220, 146
Trd, 002045.990, 138
Trd, 002049.420, 138
Trd, 002050.380, 155
Trd, 002060.990, 142
Trd, 002071.460, 152
Trd, 002071.500, 132
Trd, 002071.540, 155
Trd, 002071.650, 132.0
Trd, 002071.690, 137.0
Trd, 002071.870, 145
Trd, 002071.880, 143
Trd, 002072.020, 131
Trd, 002072.110, 147.0
Trd, 002072.420, 146
Trd, 002072.510, 141
Trd, 002072.610, 146
Trd, 002072.980, 131.0
Trd, 002073.200, 143
Trd, 002074.160, 136
Trd, 002075.970, 142
Trd, 002082.640, 144.0
Trd, 002084.690, 148
Trd, 002087.220, 162
Trd, 002098.270, 160
Trd, 002101.530, 150.0
Trd, 002101.600, 126
Trd, 002101.660, 117
Trd, 002101.800, 115
Trd, 002102.080, 131
Trd, 002102.220, 132
Trd, 002102.260, 126.0
Trd, 002102.990, 127
Trd, 002103.240, 124.0
Trd, 002103.260, 125
Trd, 002103.480, 128
Trd, 002103.520, 129
Trd, 002104.650, 130.0
Trd, 002104.840, 135
Trd, 002105.770, 138
Trd, 002108.810, 139.0
Trd, 002110.840, 141
Trd, 002114.170, 144.0
Trd, 002116.850, 159
Trd, 002127.460, 154
Trd, 002130.500, 152
Trd, 002131.470, 144.0
Trd, 002131.500, 140
Trd, 002131.560, 144
Trd, 002131.800, 148
Trd, 002131.850, 138
Trd, 002131.920, 132.0
Trd, 002132.320, 136
Trd, 002132.420, 149
Trd, 002132.700, 137
Trd, 002132.820, 148
Trd, 002132.910, 148
Trd, 002133.180, 135
Trd, 002133.750, 149
Trd, 002133.770, 137
Trd, 002134.250, 135
Trd, 002135.240, 148
Trd, 002135.590, 133
Trd, 002137.920, 131
Trd, 002139.550, 146
Trd, 002140.100, 146
Trd, 002156.980, 146
Trd, 002161.400, 144
Trd, 002161.480, 142.0
Trd, 002161.740, 138
Trd, 002161.790, 102
Trd, 002162.000, 102.0
Trd, 002162.060, 131.0
Trd, 002162.180, 139.0
Trd, 002162.240, 126.0
Trd, 002162.560, 124
Trd, 002162.710, 140
Trd, 002162.900, 149
Trd, 002167.380, 154
Trd, 002167.680, 157
Trd, 002171.270, 160
Trd, 002171.480, 151.0
Trd, 002171.870, 160
Trd, 002174.880, 159
Trd, 002177.120, 152
Trd, 002177.970, 151
Trd, 002184.340, 154
Trd, 002191.480, 133.0
Trd, 002191.520, 102
Trd, 002191.610, 137
Trd, 002191.620, 123
Trd, 002191.660, 137.0
Trd, 002191.780, 132.0
Trd, 002191.790, 137
Trd, 002191.800, 161
Trd, 002191.860, 131
Trd, 002191.950, 126.0
Trd, 002192.170, 152
Trd, 002192.560, 151
Trd, 002192.620, 151
Trd, 002193.210, 147
Trd, 002193.310, 146
Trd, 002193.720, 138
Trd, 002195.880, 142
Trd, 002198.220, 141
Trd, 002199.230, 142
Trd, 002200.080, 142
Trd, 002208.130, 136
Trd, 002211.110, 162
Trd, 002221.450, 99.0
Trd, 002221.600, 105
Trd, 002221.730, 139.0
Trd, 002221.830, 104
Trd, 002222.080, 117.0
Trd, 002222.500, 130.0
Trd, 002222.610, 122
Trd, 002223.150, 143.0
Trd, 002223.240, 165
Trd, 002223.510, 155
Trd, 002224.240, 155
Trd, 002224.740, 154
Trd, 002230.580, 155
Trd, 002235.320, 151.0
Trd, 002235.760, 155
Trd, 002237.170, 147.0
Trd, 002238.260, 155
Trd, 002240.120, 147
Trd, 002245.390, 146
Trd, 002246.670, 155
Trd, 002248.390, 155
Trd, 002251.650, 124.0
Trd, 002251.680, 139.0
Trd, 002251.960, 153
Trd, 002252.060, 151
Trd, 002252.290, 159
Trd, 002252.310, 158
Trd, 002252.340, 149
Trd, 002253.130, 185
Trd, 002253.870, 154
Trd, 002257.340, 170
Trd, 002260.610, 154
Trd, 002261.230, 153
Trd, 002261.330, 155
Trd, 002263.210, 151.0
Trd, 002263.610, 154
Trd, 002264.130, 151
Trd, 002271.680, 135
Trd, 002273.000, 149
Trd, 002273.080, 150
Trd, 002279.890, 148
Trd, 002281.440, 124
Trd, 002281.570, 133
Trd, 002282.040, 144
Trd, 002282.090, 149
Trd, 002282.170, 150
Trd, 002282.180, 147.0
Trd, 002282.190, 140
Trd, 002282.230, 149
Trd, 002282.480, 133.0
Trd, 002283.360, 137
Trd, 002283.920, 142.0
Trd, 002285.330, 140
Trd, 002285.420, 137
Trd, 002286.000, 140
Trd, 002286.410, 135
Trd, 002286.740, 140
Trd, 002288.060, 140
Trd, 002291.050, 142
Trd, 002291.340, 134
Trd, 002292.890, 131
Trd, 002308.390, 160
Trd, 002311.520, 130.0
Trd, 002311.530, 140
Trd, 002311.760, 149.0
Trd, 002311.810, 148
Trd, 002311.920, 149
Trd, 002311.950, 181
Trd, 002312.680, 146
Trd, 002312.800, 136
Trd, 002312.850, 147
Trd, 002313.280, 132.0
Trd, 002313.810, 145
Trd, 002313.860, 132
Trd, 002314.110, 152
Trd, 002314.590, 144
Trd, 002315.720, 151
Trd, 002319.780, 150
Trd, 002320.040, 130
Trd, 002322.670, 161
Trd, 002327.560, 160
Trd, 002329.470, 159
Trd, 002336.190, 152
Trd, 002341.540, 107.0
Trd, 002341.630, 100.0
Trd, 002341.710, 108
Trd, 002341.740, 102.0
Trd, 002341.830, 113
Trd, 002341.870, 130.0
Trd, 002341.900, 131
Trd, 002342.230, 116
Trd, 002342.270, 118
Trd, 002342.340, 119.0
Trd, 002342.530, 138
Trd, 002342.730, 134
Trd, 002343.680, 138.0
Trd, 002344.750, 126
Trd, 002345.120, 142.0
Trd, 002345.530, 143
Trd, 002346.580, 162
Trd, 002348.410, 149
Trd, 002349.500, 163
Trd, 002360.480, 146
Trd, 002366.430, 138
Trd, 002371.650, 146
Trd, 002371.660, 127.0
Trd, 002372.070, 132.0
Trd, 002372.120, 133
Trd, 002372.190, 136
Trd, 002372.440, 127
Trd, 002372.450, 136
Trd, 002373.030, 137.0
Trd, 002373.050, 138
Trd, 002373.350, 144.0
Trd, 002373.390, 134
Trd, 002373.630, 139
Trd, 002373.910, 133.0
Trd, 002374.620, 131
Trd, 002374.700, 141
Trd, 002374.770, 123.0
Trd, 002375.510, 138
Trd, 002376.050, 160
Trd, 002377.620, 153
Trd, 002383.010, 160
Trd, 002384.570, 141
Trd, 002398.480, 164
Trd, 002401.450, 100
Trd, 002401.490, 88.0
Trd, 002401.570, 114
Trd, 002401.820, 137.0
Trd, 002401.920, 133
Trd, 002401.970, 144
Trd, 002402.280, 142
Trd, 002402.500, 133
Trd, 002402.880, 143
Trd, 002403.030, 144.0
Trd, 002403.200, 154
Trd, 002404.960, 150
Trd, 002405.290, 149.0
Trd, 002405.720, 149
Trd, 002406.550, 156
Trd, 002407.580, 151
Trd, 002408.990, 151
Trd, 002410.100, 150
Trd, 002410.240, 147
Trd, 002415.680, 160
Trd, 002428.550, 136
Trd, 002431.560, 117.0
Trd, 002431.670, 101.0
Trd, 002431.710, 132.0
Trd, 002431.760, 127.0
Trd, 002431.890, 132.0
Trd, 002432.040, 140
Trd, 002432.180, 131
Trd, 002432.200, 130
Trd, 002432.220, 139
Trd, 002432.300, 129
Trd, 002432.410, 144.0
Trd, 002432.890, 136
Trd, 002433.160, 142
Trd, 002433.250, 139
Trd, 002434.050, 160
Trd, 002436.200, 136
Trd, 002436.660, 138.0
Trd, 002436.850, 139
Trd, 002444.300, 144
Trd, 002446.490, 159
Trd, 002454.880, 146
Trd, 002458.570, 146
Trd, 002461.540, 155
Trd, 002461.630, 151
Trd, 002461.690, 147
Trd, 002461.980, 146
Trd, 002462.300, 148
Trd, 002462.500, 143
Trd, 002462.530, 139
Trd, 002463.120, 146
Trd, 002463.490, 136
Trd, 002464.040, 144
Trd, 002464.120, 147
Trd, 002465.360, 142
Trd, 002465.760, 132.0
Trd, 002466.160, 143
Trd, 002467.070, 141
Trd, 002468.140, 140
Trd, 002469.860, 141
Trd, 002469.910, 126.0
Trd, 002472.410, 160
Trd, 002476.130, 161
Trd, 002486.450, 136
Trd, 002487.610, 161
Trd, 002491.540, 148
Trd, 002491.670, 150
Trd, 002491.830, 143
Trd, 002491.950, 147.0
Trd, 002492.320, 154
Trd, 002492.620, 147
Trd, 002492.630, 143
Trd, 002492.730, 140
Trd, 002493.090, 142.0
Trd, 002493.140, 143
Trd, 002493.570, 124.0
Trd, 002493.610, 151
Trd, 002494.250, 127.0
Trd, 002494.510, 144
Trd, 002494.730, 144
Trd, 002494.760, 161
Trd, 002495.060, 156
Trd, 002495.200, 134.0
Trd, 002498.750, 152.0
Trd, 002499.600, 145
Trd, 002499.640, 162
Trd, 002505.660, 136
Trd, 002521.490, 104.0
Trd, 002521.590, 101.0
Trd, 002521.850, 125.0
Trd, 002521.870, 138.0
Trd, 002521.920, 125
Trd, 002522.390, 149.0
Trd, 002523.090, 172
Trd, 002524.510, 157
Trd, 002525.150, 170
Trd, 002526.090, 182
Trd, 002526.140, 156
Trd, 002527.830, 162
Trd, 002533.620, 154
Trd, 002545.670, 152
Trd, 002551.500, 148.0
Trd, 002551.650, 150.0
Trd, 002551.670, 139
Trd, 002551.900, 194
Trd, 002551.990, 157
Trd, 002552.010, 145
Trd, 002552.470, 154
Trd, 002552.490, 143
Trd, 002552.850, 145
Trd, 002553.650, 157
Trd, 002556.730, 154
Trd, 002558.790, 177
Trd, 002566.430, 158
Trd, 002566.710, 154
Trd, 002567.000, 141
Trd, 002567.970, 146
Trd, 002570.470, 143
Trd, 002574.900, 143
Trd, 002579.010, 142
Trd, 002579.390, 136
Trd, 002581.710, 144.0
Trd, 002581.800, 135
Trd, 002581.810, 132.0
Trd, 002581.960, 140
Trd, 002582.070, 141
Trd, 002582.090, 134
Trd, 002582.720, 141
Trd, 002582.820, 142
Trd, 002583.000, 142
Trd, 002583.120, 133
Trd, 002583.390, 140
Trd, 002583.490, 145
Trd, 002584.050, 135
Trd, 002584.220, 134
Trd, 002584.780, 143
Trd, 002584.940, 146
Trd, 002585.630, 145
Trd, 002586.160, 160
Trd, 002594.720, 160
Trd, 002601.490, 133
Trd, 002605.440, 126.0
Trd, 002611.590, 102.0
Trd, 002611.820, 137.0
Trd, 002611.990, 153
Trd, 002612.030, 134
Trd, 002612.200, 132
Trd, 002612.580, 134
Trd, 002612.680, 143.0
Trd, 002612.880, 158
Trd, 002612.960, 146
Trd, 002613.250, 142
Trd, 002613.510, 154
Trd, 002614.220, 148
Trd, 002614.580, 152
Trd, 002616.670, 147
Trd, 002617.220, 151
Trd, 002619.730, 162
Trd, 002622.570, 141
Trd, 002626.640, 144
Trd, 002637.090, 139
Trd, 002641.550, 115
Trd, 002641.620, 129
Trd, 002641.690, 126.0
Trd, 002641.770, 127
Trd, 002641.860, 131.0
Trd, 002641.950, 134.0
Trd, 002642.030, 123
Trd, 002642.200, 130
Trd, 002642.220, 132
Trd, 002642.720, 133
Trd, 002643.890, 131
Trd, 002644.160, 130
Trd, 002644.600, 136
Trd, 002644.620, 138.0
Trd, 002644.960, 141
Trd, 002647.210, 129
Trd, 002647.290, 129
Trd, 002648.450, 142.0
Trd, 002655.260, 143
Trd, 002658.370, 126
Trd, 002671.550, 138
Trd, 002671.610, 139.0
Trd, 002671.680, 142
Trd, 002671.760, 136
Trd, 002672.010, 142.0
Trd, 002672.430, 158
Trd, 002672.630, 142
Trd, 002672.820, 138
Trd, 002672.870, 134
Trd, 002673.070, 155
Trd, 002673.460, 156
Trd, 002673.500, 162
Trd, 002675.720, 151.0
Trd, 002676.360, 152
Trd, 002676.560, 156
Trd, 002677.380, 148
Trd, 002679.980, 154
Trd, 002681.870, 155
Trd, 002683.850, 155
Trd, 002691.000, 133.0
Trd, 002701.630, 104.0
Trd, 002701.780, 157
Trd, 002701.980, 184
Trd, 002702.020, 152
Trd, 002702.190, 154
Trd, 002702.360, 151.0
Trd, 002703.920, 169
Trd, 002704.100, 156
Trd, 002709.640, 163
Trd, 002712.870, 162
Trd, 002713.530, 158
Trd, 002713.700, 153
Trd, 002716.100, 154
Trd, 002716.750, 148.0
Trd, 002716.930, 140
Trd, 002718.660, 153
Trd, 002720.690, 152
Trd, 002731.260, 152
Trd, 002731.640, 125.0
Trd, 002731.690, 151
Trd, 002731.920, 140
Trd, 002732.070, 143
Trd, 002732.080, 151
Trd, 002732.100, 141
Trd, 002732.340, 148.0
Trd, 002732.400, 145
Trd, 002732.520, 151
Trd, 002732.670, 150.0
Trd, 002732.950, 150
Trd, 002733.950, 153
Trd, 002734.000, 147
Trd, 002734.170, 140
Trd, 002735.940, 136
Trd, 002737.660, 149
Trd, 002741.220, 150
Trd, 002748.230, 159
Trd, 002750.400, 161
Trd, 002761.610, 152
Trd, 002761.680, 148.0
Trd, 002761.990, 146
Trd, 002762.210, 150
Trd, 002762.280, 148
Trd, 002762.490, 135
Trd, 002762.500, 148
Trd, 002762.780, 130
Trd, 002763.130, 125.0
Trd, 002763.380, 137.0
Trd, 002763.650, 137
Trd, 002763.800, 140
Trd, 002764.200, 141
Trd, 002765.900, 136
Trd, 002766.620, 139
Trd, 002769.960, 142.0
Trd, 002770.470, 142
Trd, 002771.470, 160
Trd, 002778.700, 159
Trd, 002780.570, 160
Trd, 002781.720, 133.0
Trd, 002791.640, 156
Trd, 002791.850, 144
Trd, 002791.970, 150
Trd, 002792.020, 151
Trd, 002792.220, 125.0
Trd, 002792.390, 133.0
Trd, 002792.400, 137.0
Trd, 002792.480, 142.0
Trd, 002792.630, 123.0
Trd, 002792.830, 131.0
Trd, 002793.310, 134
Trd, 002793.620, 136
Trd, 002793.890, 131
Trd, 002794.080, 134
Trd, 002794.240, 142
Trd, 002794.380, 126
Trd, 002795.130, 156
Trd, 002796.180, 161
Trd, 002798.130, 154
Trd, 002801.120, 161
Trd, 002817.480, 172
Trd, 002821.620, 104.0
Trd, 002821.710, 134.0
Trd, 002821.860, 99.0
Trd, 002821.890, 139.0
Trd, 002822.090, 119.0
Trd, 002822.670, 138
Trd, 002822.800, 138
Trd, 002822.950, 142.0
Trd, 002823.300, 139
Trd, 002824.110, 144
Trd, 002824.430, 144
Trd, 002824.540, 161
Trd, 002824.790, 160
Trd, 002825.460, 161
Trd, 002825.570, 167
Trd, 002828.610, 157
Trd, 002830.970, 151
Trd, 002831.520, 159
Trd, 002841.310, 152
Trd, 002850.670, 147
Trd, 002851.660, 111
Trd, 002851.850, 142
Trd, 002851.900, 144
Trd, 002851.940, 134
Trd, 002852.160, 148
Trd, 002852.260, 132.0
Trd, 002852.420, 131
Trd, 002852.750, 136
Trd, 002852.780, 139.0
Trd, 002853.560, 142.0
Trd, 002853.670, 145
Trd, 002853.860, 151
Trd, 002853.870, 140
Trd, 002854.910, 166
Trd, 002856.460, 153
Trd, 002858.000, 165
Trd, 002862.430, 158
Trd, 002868.630, 158
Trd, 002881.690, 151
Trd, 002881.810, 155
Trd, 002881.850, 160
Trd, 002882.140, 154
Trd, 002882.210, 154
Trd, 002882.230, 151
Trd, 002882.410, 150.0
Trd, 002882.830, 158
Trd, 002883.120, 158
Trd, 002883.290, 149.0
Trd, 002883.880, 144.0
Trd, 002884.250, 152
Trd, 002884.450, 153
Trd, 002884.530, 147
Trd, 002885.600, 137
Trd, 002886.440, 146
Trd, 002889.580, 136
Trd, 002890.970, 146
Trd, 002894.260, 149
Trd, 002904.920, 136
Trd, 002911.660, 107.0
Trd, 002911.770, 129
Trd, 002911.800, 139
Trd, 002911.980, 117.0
Trd, 002912.110, 142.0
Trd, 002912.170, 127
Trd, 002912.210, 130
Trd, 002912.220, 142
Trd, 002912.450, 132.0
Trd, 002912.580, 127
Trd, 002912.630, 126
Trd, 002913.020, 127
Trd, 002913.720, 131.0
Trd, 002915.310, 132
Trd, 002916.020, 133
Trd, 002916.870, 133
Trd, 002917.570, 139.0
Trd, 002922.730, 142
Trd, 002925.220, 126
Trd, 002925.230, 160
Trd, 002931.560, 160
Trd, 002937.740, 126.0
Trd, 002941.950, 146
Trd, 002942.020, 145
Trd, 002942.110, 146
Trd, 002942.120, 144
Trd, 002942.180, 141
Trd, 002942.210, 136
Trd, 002942.230, 134
Trd, 002942.510, 145
Trd, 002942.690, 149
Trd, 002943.360, 143
Trd, 002943.410, 138
Trd, 002943.590, 141
Trd, 002944.270, 135
Trd, 002944.740, 136
Trd, 002945.500, 142
Trd, 002945.870, 143
Trd, 002946.440, 144
Trd, 002948.450, 134
Trd, 002950.920, 140
Trd, 002951.830, 132.0
Trd, 002952.210, 160
Trd, 002971.880, 131
Trd, 002972.020, 134
Trd, 002972.070, 140
Trd, 002972.250, 132
Trd, 002972.600, 133
Trd, 002972.620, 130
Trd, 002972.930, 129
Trd, 002972.990, 129
Trd, 002973.090, 130
Trd, 002973.490, 131
Trd, 002973.990, 133
Trd, 002974.200, 134
Trd, 002974.730, 135
Trd, 002974.810, 138.0
Trd, 002975.560, 142
Trd, 002975.950, 143.0
Trd, 002978.310, 153
Trd, 002980.690, 151.0
Trd, 002981.010, 160
Trd, 002981.380, 125.0
Trd, 002981.850, 124.0
Trd, 003001.670, 88.0
Trd, 003001.760, 140
Trd, 003001.820, 140
Trd, 003001.930, 149
Trd, 003002.270, 148.0
Trd, 003002.390, 148
Trd, 003002.510, 145
Trd, 003002.570, 141
Trd, 003002.970, 150.0
Trd, 003003.340, 182
Trd, 003006.790, 163
Trd, 003009.740, 165
Trd, 003011.060, 141
Trd, 003012.090, 143
Trd, 003012.420, 145
Trd, 003012.960, 145
Trd, 003013.770, 154
Trd, 003015.020, 151
Trd, 003016.360, 134
Trd, 003019.200, 143
Trd, 003026.170, 139
Trd, 003031.710, 136
Trd, 003031.770, 136
Trd, 003031.830, 139
Trd, 003031.860, 133
Trd, 003031.870, 121.0
Trd, 003032.110, 139
Trd, 003032.230, 134.0
Trd, 003032.280, 138.0
Trd, 003032.440, 140
Trd, 003032.520, 124.0
Trd, 003032.910, 140
Trd, 003033.110, 139
Trd, 003033.670, 142
Trd, 003033.770, 143.0
Trd, 003034.650, 151.0
Trd, 003035.690, 145
Trd, 003037.090, 158
Trd, 003037.340, 161
Trd, 003045.020, 148
Trd, 003047.680, 140
Trd, 003056.720, 141
Trd, 003061.760, 147
Trd, 003061.910, 146
Trd, 003062.200, 143
Trd, 003062.230, 141
Trd, 003062.360, 145
Trd, 003062.560, 142
Trd, 003062.770, 141
Trd, 003062.790, 134.0
Trd, 003062.850, 134
Trd, 003063.590, 144
Trd, 003063.760, 145
Trd, 003063.970, 149
Trd, 003064.450, 138
Trd, 003065.210, 145
Trd, 003065.380, 138
Trd, 003066.540, 144
Trd, 003068.680, 144
Trd, 003069.320, 140
Trd, 003075.910, 149
Trd, 003083.330, 148
Trd, 003091.920, 150
Trd, 003091.970, 146
Trd, 003092.000, 147
Trd, 003092.030, 139
Trd, 003092.200, 134.0
Trd, 003092.210, 160
Trd, 003092.420, 150.0
Trd, 003092.460, 139
Trd, 003092.920, 148.0
Trd, 003093.410, 138
Trd, 003093.560, 149
Trd, 003093.670, 149
Trd, 003093.770, 124.0
Trd, 003093.880, 151
Trd, 003094.230, 132
Trd, 003094.750, 146
Trd, 003095.720, 146
Trd, 003097.800, 135
Trd, 003098.240, 146
Trd, 003102.570, 162
Trd, 003102.950, 152
Trd, 003112.410, 127.0
Trd, 003121.770, 118.0
Trd, 003122.060, 151.0
Trd, 003122.200, 154
Trd, 003122.420, 151
Trd, 003122.430, 143
Trd, 003122.670, 150
Trd, 003123.050, 148
Trd, 003123.280, 145
Trd, 003123.640, 138.0
Trd, 003124.050, 135
Trd, 003124.060, 151
Trd, 003126.070, 142
Trd, 003126.690, 141
Trd, 003127.510, 143
Trd, 003128.810, 144
Trd, 003129.480, 144
Trd, 003130.600, 140
Trd, 003141.900, 142
Trd, 003144.840, 142
Trd, 003151.810, 142
Trd, 003151.850, 127.0
Trd, 003152.170, 133
Trd, 003152.250, 134
Trd, 003152.380, 138
Trd, 003152.700, 135
Trd, 003152.730, 142.0
Trd, 003152.880, 134.0
Trd, 003152.940, 141
Trd, 003153.470, 139
Trd, 003153.490, 138
Trd, 003153.710, 140
Trd, 003153.820, 141
Trd, 003154.760, 140
Trd, 003155.100, 141
Trd, 003155.340, 142
Trd, 003157.020, 162
Trd, 003159.260, 140
Trd, 003163.340, 150
Trd, 003166.820, 163
Trd, 003170.600, 122.0
Trd, 003175.680, 131
Trd, 003181.820, 131
Trd, 003181.890, 145
Trd, 003182.010, 131
Trd, 003182.050, 139.0
Trd, 003182.230, 122.0
Trd, 003182.290, 142
Trd, 003182.430, 144.0
Trd, 003182.480, 140
Trd, 003182.540, 111.0
Trd, 003183.030, 144
Trd, 003183.120, 133
Trd, 003183.780, 136
Trd, 003185.170, 138
Trd, 003185.870, 139
Trd, 003186.830, 140
Trd, 003187.470, 140
Trd, 003190.330, 159
Trd, 003193.010, 160
Trd, 003198.830, 157
Trd, 003199.150, 154
Trd, 003200.630, 150
Trd, 003205.100, 132.0
Trd, 003211.740, 148
Trd, 003211.780, 132
Trd, 003211.860, 102.0
Trd, 003211.880, 109.0
Trd, 003211.890, 144
Trd, 003212.020, 131.0
Trd, 003212.060, 125.0
Trd, 003212.320, 136
Trd, 003212.500, 137.0
Trd, 003212.700, 161
Trd, 003214.780, 148
Trd, 003214.960, 148
Trd, 003215.350, 148
Trd, 003220.520, 148
Trd, 003221.510, 146
Trd, 003223.000, 145
Trd, 003224.330, 144
Trd, 003227.040, 148
Trd, 003228.530, 147
Trd, 003230.780, 147
Trd, 003231.870, 146
Trd, 003241.810, 147.0
Trd, 003241.850, 148
Trd, 003241.870, 144
Trd, 003242.130, 141
Trd, 003242.700, 131.0
Trd, 003242.730, 125.0
Trd, 003242.800, 122.0
Trd, 003242.860, 134
Trd, 003243.190, 139.0
Trd, 003243.430, 130
Trd, 003243.520, 139
Trd, 003243.730, 140
Trd, 003243.840, 137
Trd, 003243.900, 137
Trd, 003245.170, 137
Trd, 003245.760, 141
Trd, 003248.770, 143.0
Trd, 003251.030, 141
Trd, 003251.390, 159
Trd, 003257.820, 162
Trd, 003259.210, 150
Trd, 003271.870, 148
Trd, 003271.890, 146
Trd, 003272.020, 125
Trd, 003272.090, 151
Trd, 003272.270, 150.0
Trd, 003272.460, 143
Trd, 003272.520, 149
Trd, 003272.560, 148.0
Trd, 003272.670, 149
Trd, 003272.760, 151
Trd, 003272.780, 140
Trd, 003273.080, 141
Trd, 003273.240, 151
Trd, 003273.460, 153
Trd, 003274.310, 143
Trd, 003276.430, 150
Trd, 003279.100, 144
Trd, 003279.230, 159
Trd, 003280.060, 136
Trd, 003281.440, 161
Trd, 003291.730, 133.0
Trd, 003292.430, 126.0
Trd, 003301.880, 134
Trd, 003302.090, 147.0
Trd, 003302.100, 151
Trd, 003302.310, 151
Trd, 003302.440, 141
Trd, 003302.450, 139
Trd, 003302.820, 139
Trd, 003303.020, 141
Trd, 003303.130, 140
Trd, 003303.380, 140
Trd, 003303.390, 134
Trd, 003304.150, 132.0
Trd, 003304.190, 141
Trd, 003304.810, 141
Trd, 003304.890, 142.0
Trd, 003305.180, 142
Trd, 003306.030, 127
Trd, 003306.350, 143
Trd, 003307.320, 162
Trd, 003307.640, 163
Trd, 003314.330, 127.0
Trd, 003319.870, 124.0
Trd, 003331.820, 143
Trd, 003331.980, 147
Trd, 003332.010, 109.0
Trd, 003332.070, 147
Trd, 003332.330, 145
Trd, 003332.410, 141
Trd, 003332.420, 139
Trd, 003332.640, 137
Trd, 003332.660, 146
Trd, 003332.920, 146
Trd, 003333.370, 146
Trd, 003333.430, 137
Trd, 003334.220, 151
Trd, 003334.500, 144
Trd, 003334.580, 162
Trd, 003334.750, 147
Trd, 003336.140, 143
Trd, 003336.760, 149
Trd, 003336.780, 134
Trd, 003340.800, 164
Trd, 003342.040, 162
Trd, 003361.980, 153
Trd, 003362.040, 151.0
Trd, 003362.060, 156
Trd, 003362.150, 157
Trd, 003362.260, 139
Trd, 003362.280, 131
Trd, 003362.410, 154
Trd, 003362.540, 143.0
Trd, 003362.940, 147.0
Trd, 003363.240, 124
Trd, 003363.710, 138
Trd, 003363.820, 137
Trd, 003364.380, 138
Trd, 003365.700, 138
Trd, 003365.970, 132.0
Trd, 003366.420, 138
Trd, 003369.820, 141
Trd, 003370.470, 131
Trd, 003373.310, 159
Trd, 003378.550, 153
Trd, 003380.890, 161
Trd, 003391.790, 102.0
Trd, 003392.040, 131
Trd, 003392.230, 138
Trd, 003392.240, 132
Trd, 003392.480, 135
Trd, 003392.630, 139.0
Trd, 003392.860, 143.0
Trd, 003393.230, 155
Trd, 003393.630, 148
Trd, 003393.700, 162
Trd, 003393.850, 147
Trd, 003394.050, 158
Trd, 003394.840, 161
Trd, 003394.890, 161
Trd, 003395.070, 149.0
Trd, 003406.630, 153
Trd, 003408.890, 158
Trd, 003412.920, 152.0
Trd, 003421.920, 151
Trd, 003422.000, 151
Trd, 003422.270, 148.0
Trd, 003422.340, 137
Trd, 003422.430, 143.0
Trd, 003422.520, 128
Trd, 003423.070, 135
Trd, 003423.100, 127.0
Trd, 003423.420, 136
Trd, 003423.960, 142
Trd, 003425.330, 142
Trd, 003426.060, 142
Trd, 003426.170, 142
Trd, 003426.770, 141
Trd, 003427.290, 142
Trd, 003430.250, 142
Trd, 003430.280, 140
Trd, 003432.030, 158
Trd, 003432.410, 144
Trd, 003432.460, 161
Trd, 003441.210, 134.0
Trd, 003451.980, 150.0
Trd, 003452.140, 138
Trd, 003452.220, 143
Trd, 003452.300, 134.0
Trd, 003452.540, 132.0
Trd, 003452.650, 141
Trd, 003452.810, 140
Trd, 003453.320, 137
Trd, 003453.330, 136
Trd, 003453.470, 126.0
Trd, 003454.030, 138.0
Trd, 003454.460, 140
Trd, 003454.880, 138
Trd, 003454.940, 133
Trd, 003455.690, 139
Trd, 003455.870, 140
Trd, 003455.920, 143.0
Trd, 003458.940, 160
Trd, 003459.760, 150
Trd, 003460.790, 157
Trd, 003465.020, 141
Trd, 003469.940, 133
Trd, 003481.860, 168
Trd, 003482.000, 146
Trd, 003482.100, 141
Trd, 003482.110, 136
Trd, 003482.170, 147
Trd, 003482.940, 143.0
Trd, 003483.020, 141
Trd, 003483.130, 140
Trd, 003483.240, 137
Trd, 003484.350, 143
Trd, 003484.480, 143
Trd, 003484.680, 141
Trd, 003485.170, 141
Trd, 003485.270, 140
Trd, 003485.480, 142
Trd, 003485.930, 141
Trd, 003487.020, 143
Trd, 003489.750, 164
Trd, 003492.020, 139
Trd, 003501.810, 137
Trd, 003511.880, 109.0
Trd, 003512.060, 122.0
Trd, 003512.340, 135
Trd, 003512.490, 137.0
Trd, 003512.660, 135
Trd, 003512.780, 136
Trd, 003513.670, 139
Trd, 003514.170, 138
Trd, 003514.500, 142.0
Trd, 003514.820, 144
Trd, 003515.630, 154
Trd, 003516.100, 151
Trd, 003516.230, 157
Trd, 003518.330, 152
Trd, 003519.340, 142
Trd, 003525.380, 144
Trd, 003525.720, 135
Trd, 003525.830, 151
Trd, 003526.550, 151
Trd, 003531.940, 162
Trd, 003541.870, 104.0
Trd, 003541.920, 148
Trd, 003542.110, 172
Trd, 003542.310, 152
Trd, 003543.040, 157
Trd, 003543.150, 161
Trd, 003543.270, 156
Trd, 003543.650, 171
Trd, 003544.260, 153
Trd, 003546.850, 162
Trd, 003548.110, 152
Trd, 003548.470, 151.0
Trd, 003548.560, 150
Trd, 003552.190, 156
Trd, 003553.350, 156
Trd, 003556.540, 149.0
Trd, 003563.660, 156
Trd, 003572.000, 118.0
Trd, 003572.050, 132.0
Trd, 003572.070, 140
Trd, 003572.130, 137
Trd, 003572.250, 135
Trd, 003572.310, 134
Trd, 003572.370, 111
Trd, 003572.540, 136
Trd, 003572.600, 136
Trd, 003572.970, 134
Trd, 003573.050, 135
Trd, 003573.170, 142.0
Trd, 003573.730, 137.0
Trd, 003573.940, 136
Trd, 003574.590, 132.0
Trd, 003574.880, 132
Trd, 003575.320, 142
Trd, 003576.670, 158
Trd, 003582.520, 146
Trd, 003582.610, 161
Trd, 003586.590, 136
Trd, 003593.270, 126.0
Trd, 003594.310, 122.0
Trd, 003601.910, 185
Trd, 003601.940, 150.0
Trd, 003601.970, 132.0
Trd, 003602.050, 137
Trd, 003602.120, 138.0
Trd, 003602.430, 136
Trd, 003602.630, 138
Trd, 003603.520, 137
Trd, 003603.650, 139
Trd, 003604.070, 140
Trd, 003604.110, 140
Trd, 003604.390, 141
Trd, 003604.710, 142.0
Trd, 003605.000, 136
Trd, 003605.020, 159
Trd, 003606.190, 143
Trd, 003610.400, 144
Trd, 003615.000, 148
Trd, 003631.260, 161
Trd, 003631.940, 102.0
Trd, 003632.160, 151.0
Trd, 003632.280, 141
Trd, 003632.370, 138
Trd, 003632.640, 140
Trd, 003632.700, 142
Trd, 003633.230, 141
Trd, 003633.340, 135
Trd, 003633.530, 142
Trd, 003633.550, 135
Trd, 003634.150, 143
Trd, 003634.190, 139
Trd, 003634.280, 144.0
Trd, 003634.320, 133.0
Trd, 003634.610, 144
Trd, 003636.130, 144
Trd, 003636.280, 148
Trd, 003636.310, 161
Trd, 003636.400, 139
Trd, 003638.020, 143
Trd, 003644.670, 160
Trd, 003646.000, 169
Trd, 003660.470, 127.0
Trd, 003661.920, 135
Trd, 003662.120, 149.0
Trd, 003662.150, 150
Trd, 003662.200, 125
Trd, 003663.120, 134
Trd, 003663.180, 140
Trd, 003663.230, 143.0
Trd, 003663.240, 126
Trd, 003663.470, 135
Trd, 003663.920, 140
Trd, 003663.950, 140
Trd, 003664.090, 147
Trd, 003664.350, 132
Trd, 003664.550, 125.0
Trd, 003665.110, 139.0
Trd, 003666.900, 141
Trd, 003668.400, 152
Trd, 003672.800, 159
Trd, 003679.800, 152.0
Trd, 003682.150, 147
Trd, 003686.790, 162
Trd, 003691.940, 126
Trd, 003692.030, 132.0
Trd, 003692.130, 138
Trd, 003692.140, 121
Trd, 003692.230, 130
Trd, 003692.680, 132
Trd, 003693.130, 133
Trd, 003693.140, 135
Trd, 003693.260, 137
Trd, 003693.320, 134.0
Trd, 003693.380, 131
Trd, 003693.640, 136
Trd, 003693.720, 137
Trd, 003694.140, 139.0
Trd, 003695.240, 141
Trd, 003695.560, 144.0
Trd, 003695.820, 136
Trd, 003697.820, 162
Trd, 003706.410, 142
Trd, 003721.990, 145
Trd, 003722.060, 140
Trd, 003722.160, 130.0
Trd, 003722.340, 134
Trd, 003722.380, 125.0
Trd, 003722.440, 137
Trd, 003722.860, 136
Trd, 003723.040, 137
Trd, 003723.210, 131
Trd, 003723.280, 134
Trd, 003723.390, 138
Trd, 003723.630, 131
Trd, 003723.700, 139.0
Trd, 003724.660, 138
Trd, 003724.990, 139
Trd, 003725.030, 140
Trd, 003725.210, 143.0
Trd, 003725.440, 132.0
Trd, 003731.030, 148
Trd, 003743.940, 149
Trd, 003752.040, 146
Trd, 003752.050, 133.0
Trd, 003752.240, 142
Trd, 003752.270, 143.0
Trd, 003752.320, 142
Trd, 003752.550, 141
Trd, 003752.730, 142
Trd, 003752.800, 144
Trd, 003752.810, 139
Trd, 003752.910, 144
Trd, 003752.980, 135
Trd, 003754.810, 137
Trd, 003755.770, 134
Trd, 003757.150, 144
Trd, 003758.050, 131
Trd, 003758.880, 144
Trd, 003759.210, 145
Trd, 003765.040, 158
Trd, 003766.160, 162
Trd, 003767.060, 126
Trd, 003768.880, 125.0
Trd, 003774.050, 171
Trd, 003777.050, 124.0
Trd, 003781.960, 134.0
Trd, 003782.040, 144.0
Trd, 003782.210, 108.0
Trd, 003782.240, 132.0
Trd, 003782.360, 98
Trd, 003782.390, 126
Trd, 003782.450, 124
Trd, 003782.610, 122
Trd, 003783.000, 120.0
Trd, 003783.040, 114
Trd, 003783.310, 124
Trd, 003783.380, 137.0
Trd, 003783.650, 130
Trd, 003784.390, 136
Trd, 003784.950, 131
Trd, 003785.520, 140
Trd, 003788.860, 141
Trd, 003792.810, 143
Trd, 003796.100, 142
Trd, 003797.470, 143
Trd, 003801.850, 168
Trd, 003806.270, 134
Trd, 003811.440, 148
Trd, 003812.030, 151.0
Trd, 003812.180, 134.0
Trd, 003812.430, 118.0
Trd, 003812.690, 137
Trd, 003812.740, 131
Trd, 003812.810, 137
Trd, 003812.830, 139.0
Trd, 003813.040, 144
Trd, 003813.060, 144.0
Trd, 003813.080, 130
Trd, 003813.880, 137
Trd, 003814.230, 138
Trd, 003814.360, 132
Trd, 003814.400, 138
Trd, 003814.550, 140
Trd, 003815.770, 150
Trd, 003817.100, 166
Trd, 003818.150, 144
Trd, 003825.720, 127
Trd, 003832.540, 148
Trd, 003841.950, 90
Trd, 003842.000, 131.0
Trd, 003842.110, 137.0
Trd, 003842.150, 135
Trd, 003842.220, 144
Trd, 003842.260, 133
Trd, 003842.390, 138
Trd, 003842.460, 143.0
Trd, 003842.790, 142
Trd, 003843.000, 148
Trd, 003844.060, 162
Trd, 003846.510, 153
Trd, 003853.960, 152
Trd, 003854.580, 170
Trd, 003855.230, 169
Trd, 003860.300, 165
Trd, 003860.460, 152.0
Trd, 003872.040, 154
Trd, 003872.090, 134
Trd, 003872.260, 168
Trd, 003872.840, 161
Trd, 003872.890, 154
Trd, 003873.080, 155
Trd, 003873.120, 151
Trd, 003873.730, 156
Trd, 003874.360, 160
Trd, 003874.440, 156
Trd, 003877.530, 153
Trd, 003880.080, 160
Trd, 003882.820, 151.0
Trd, 003884.380, 156
Trd, 003885.020, 157
Trd, 003891.660, 149.0
Trd, 003902.250, 149
Trd, 003902.360, 150
Trd, 003902.370, 147
Trd, 003902.450, 150.0
Trd, 003902.490, 145
Trd, 003902.560, 136
Trd, 003903.370, 136
Trd, 003903.580, 146
Trd, 003904.770, 141
Trd, 003905.100, 140
Trd, 003905.290, 141
Trd, 003906.510, 142
Trd, 003908.870, 141
Trd, 003909.630, 141
Trd, 003909.850, 140
Trd, 003912.650, 140
Trd, 003913.610, 140
Trd, 003915.510, 139
Trd, 003915.960, 142.0
Trd, 003923.430, 160
Trd, 003928.540, 132.0
Trd, 003932.040, 135
Trd, 003932.080, 137.0
Trd, 003932.400, 132
Trd, 003932.470, 132.0
Trd, 003932.640, 134
Trd, 003932.680, 140
Trd, 003932.740, 140
Trd, 003932.820, 139
Trd, 003933.040, 142
Trd, 003933.130, 130
Trd, 003933.360, 141
Trd, 003933.850, 142.0
Trd, 003934.010, 130
Trd, 003934.600, 151
Trd, 003934.730, 138
Trd, 003936.240, 143
Trd, 003940.330, 161
Trd, 003941.450, 126.0
Trd, 003941.720, 124.0
Trd, 003944.890, 141
Trd, 003962.030, 141
Trd, 003962.050, 146
Trd, 003962.080, 149.0
Trd, 003962.090, 140
Trd, 003962.220, 124
Trd, 003962.230, 113
Trd, 003962.460, 118.0
Trd, 003962.690, 132.0
Trd, 003962.710, 138
Trd, 003963.430, 127
Trd, 003963.700, 137
Trd, 003963.710, 138.0
Trd, 003964.130, 139
Trd, 003964.370, 139
Trd, 003964.610, 142
Trd, 003964.740, 132.0
Trd, 003965.690, 143.0
Trd, 003966.460, 139
Trd, 003972.540, 142
Trd, 003985.410, 140
Trd, 003988.150, 162
Trd, 003992.180, 150.0
Trd, 003992.410, 141
Trd, 003992.470, 133.0
Trd, 003992.630, 135
Trd, 003993.060, 140
Trd, 003993.090, 125.0
Trd, 003993.190, 139
Trd, 003993.350, 142
Trd, 003993.840, 136
Trd, 003994.290, 132
Trd, 003995.650, 135
Trd, 003995.750, 136
Trd, 003995.960, 136
Trd, 003997.360, 137.0
Trd, 003997.620, 139
Trd, 003999.450, 141
Trd, 004000.190, 144
Trd, 004000.990, 148.0
Trd, 004001.210, 146.0
Trd, 004001.260, 148.0
Trd, 004002.380, 148.0
Trd, 004003.730, 150.0
Trd, 004004.960, 147.0
Trd, 004012.550, 162
Trd, 004013.430, 163
Trd, 004021.060, 142.0
Trd, 004022.090, 142
Trd, 004022.280, 141.0
Trd, 004022.290, 139.0
Trd, 004022.710, 147.0
Trd, 004022.820, 144
Trd, 004022.920, 141
Trd, 004022.930, 140
Trd, 004022.960, 141
Trd, 004023.060, 143.0
Trd, 004023.120, 141.0
Trd, 004023.200, 139.0
Trd, 004023.310, 138
Trd, 004023.350, 144
Trd, 004024.480, 141.0
Trd, 004025.020, 142
Trd, 004025.520, 141
Trd, 004025.750, 142
Trd, 004026.950, 137.0
Trd, 004028.880, 141
Trd, 004029.280, 141
Trd, 004029.460, 142
Trd, 004031.460, 135
Trd, 004032.310, 133.0
Trd, 004034.120, 141
Trd, 004035.970, 151.0
Trd, 004036.770, 162
Trd, 004038.950, 135
Trd, 004042.900, 131.0
Trd, 004052.120, 138
Trd, 004052.190, 139
Trd, 004052.300, 137
Trd, 004052.340, 133
Trd, 004052.480, 144
Trd, 004052.570, 140
Trd, 004052.670, 143
Trd, 004052.840, 141
Trd, 004053.110, 138
Trd, 004053.140, 138
Trd, 004053.270, 138.0
Trd, 004053.450, 141
Trd, 004053.640, 141
Trd, 004053.690, 141
Trd, 004053.930, 137
Trd, 004054.180, 142
Trd, 004054.380, 140.0
Trd, 004054.900, 138
Trd, 004055.170, 143.0
Trd, 004056.720, 138.0
Trd, 004057.280, 138
Trd, 004058.540, 138
Trd, 004058.580, 147
Trd, 004061.730, 140
Trd, 004062.720, 135
Trd, 004067.380, 152.0
Trd, 004082.080, 95
Trd, 004082.230, 101.0
Trd, 004082.270, 101.0
Trd, 004082.320, 107.0
Trd, 004082.380, 118.0
Trd, 004082.540, 127
Trd, 004082.610, 127
Trd, 004082.700, 132.0
Trd, 004082.730, 137
Trd, 004082.740, 137.0
Trd, 004082.810, 143.0
Trd, 004082.890, 127
Trd, 004082.930, 141
Trd, 004083.090, 141
Trd, 004083.510, 138
Trd, 004084.010, 141
Trd, 004084.250, 139
Trd, 004084.380, 139
Trd, 004085.050, 140
Trd, 004085.670, 142
Trd, 004085.990, 142
Trd, 004095.980, 142
Trd, 004096.140, 151.0
Trd, 004099.480, 163
Trd, 004100.140, 144
Trd, 004102.760, 143
Trd, 004105.480, 134
Trd, 004108.890, 159
Trd, 004112.100, 161
Trd, 004112.200, 161
Trd, 004112.210, 158
Trd, 004112.230, 155.0
Trd, 004112.330, 166
Trd, 004112.410, 156
Trd, 004112.590, 154
Trd, 004112.760, 153
Trd, 004113.200, 152.0
Trd, 004113.250, 150
Trd, 004113.470, 150
Trd, 004113.780, 148
Trd, 004113.860, 150.0
Trd, 004114.350, 147.0
Trd, 004114.430, 142.0
Trd, 004114.610, 145
Trd, 004114.990, 146
Trd, 004115.690, 139.0
Trd, 004116.890, 145
Trd, 004117.220, 144
Trd, 004118.840, 142
Trd, 004119.030, 142
Trd, 004123.080, 141
Trd, 004123.840, 136
Trd, 004127.020, 137
Trd, 004128.970, 162
Trd, 004134.270, 134.0
Trd, 004138.410, 130.0
Trd, 004142.100, 108.0
Trd, 004142.290, 136
Trd, 004142.390, 146
Trd, 004142.500, 145
Trd, 004142.530, 146
Trd, 004142.590, 143
Trd, 004142.650, 146
Trd, 004142.750, 143
Trd, 004142.800, 139.0
Trd, 004142.820, 142
Trd, 004143.010, 139.0
Trd, 004143.130, 136.0
Trd, 004143.410, 135
Trd, 004143.440, 137
Trd, 004143.540, 140
Trd, 004143.660, 133.0
Trd, 004144.630, 133
Trd, 004144.840, 138
Trd, 004145.390, 134
Trd, 004145.410, 140
Trd, 004146.660, 142
Trd, 004147.430, 143.0
Trd, 004148.290, 152.0
Trd, 004153.720, 148
Trd, 004155.830, 137
Trd, 004156.990, 155
Trd, 004162.430, 160
Trd, 004172.060, 148
Trd, 004172.100, 127.0
Trd, 004172.180, 144.0
Trd, 004172.300, 150.0
Trd, 004172.310, 146
Trd, 004172.360, 132
Trd, 004172.600, 132.0
Trd, 004172.650, 134
Trd, 004172.840, 133
Trd, 004172.940, 134.0
Trd, 004173.060, 137.0
Trd, 004173.170, 134
Trd, 004173.420, 134
Trd, 004173.880, 136
Trd, 004174.050, 137
Trd, 004174.300, 135
Trd, 004174.320, 137
Trd, 004174.970, 137
Trd, 004175.430, 138
Trd, 004175.480, 136
Trd, 004175.740, 141
Trd, 004175.830, 144
Trd, 004176.680, 152.0
Trd, 004178.760, 149
Trd, 004180.900, 161
Trd, 004182.430, 148
Trd, 004202.090, 145
Trd, 004202.190, 144
Trd, 004202.220, 148
Trd, 004202.260, 147
Trd, 004202.360, 148.0
Trd, 004202.410, 145
Trd, 004202.470, 150
Trd, 004202.660, 143
Trd, 004202.700, 145.0
Trd, 004202.760, 143
Trd, 004202.770, 143
Trd, 004202.970, 146
Trd, 004203.210, 149
Trd, 004203.430, 142.0
Trd, 004203.550, 141.0
Trd, 004203.790, 144.0
Trd, 004203.810, 142
Trd, 004203.960, 142
Trd, 004204.420, 138.0
Trd, 004204.890, 138
Trd, 004205.830, 137
Trd, 004206.710, 135
Trd, 004207.640, 136
Trd, 004207.660, 138
Trd, 004210.310, 150.0
Trd, 004210.860, 133.0
Trd, 004226.830, 158
Trd, 004227.480, 131.0
Trd, 004232.160, 164
Trd, 004232.240, 148
Trd, 004232.260, 123.0
Trd, 004232.480, 163
Trd, 004232.530, 162
Trd, 004232.660, 161
Trd, 004232.770, 162
Trd, 004233.070, 159
Trd, 004233.260, 158
Trd, 004233.300, 161
Trd, 004233.420, 154
Trd, 004233.840, 153
Trd, 004234.210, 156
Trd, 004234.260, 152
Trd, 004234.490, 150.0
Trd, 004234.690, 150
Trd, 004234.820, 147.0
Trd, 004236.930, 147
Trd, 004239.590, 143
Trd, 004239.690, 142.0
Trd, 004240.210, 144
Trd, 004243.570, 144
Trd, 004248.120, 140
Trd, 004252.330, 139.0
Trd, 004262.220, 143
Trd, 004262.300, 137
Trd, 004262.540, 141
Trd, 004262.590, 142
Trd, 004262.600, 140
Trd, 004262.800, 139
Trd, 004262.850, 138
Trd, 004262.910, 141
Trd, 004262.960, 142.0
Trd, 004262.970, 140
Trd, 004263.030, 144
Trd, 004263.520, 138.0
Trd, 004263.890, 139
Trd, 004264.110, 139
Trd, 004264.330, 136
Trd, 004264.690, 135
Trd, 004264.830, 137
Trd, 004265.160, 141
Trd, 004265.420, 140
Trd, 004265.560, 141
Trd, 004265.630, 138
Trd, 004266.960, 140
Trd, 004270.410, 135
Trd, 004270.420, 134
Trd, 004270.940, 133.0
Trd, 004275.440, 151.0
Trd, 004277.630, 156
Trd, 004292.130, 107.0
Trd, 004292.370, 135
Trd, 004292.440, 130.0
Trd, 004292.460, 133
Trd, 004292.530, 126.0
Trd, 004292.550, 129
Trd, 004292.560, 123.0
Trd, 004292.710, 133
Trd, 004292.760, 137
Trd, 004292.970, 131
Trd, 004292.990, 132
Trd, 004293.090, 132
Trd, 004293.150, 142
Trd, 004293.450, 132.0
Trd, 004293.530, 138
Trd, 004293.640, 131
Trd, 004293.950, 151.0
Trd, 004294.470, 160
Trd, 004294.540, 162
Trd, 004294.890, 158
Trd, 004295.360, 155
Trd, 004295.530, 152.0
Trd, 004296.010, 155
Trd, 004296.070, 158.0
Trd, 004301.630, 155
Trd, 004307.120, 170.0
Trd, 004307.800, 152
Trd, 004310.120, 139.0
Trd, 004318.150, 135
Trd, 004322.200, 160
Trd, 004322.230, 150
Trd, 004322.260, 149.0
Trd, 004322.280, 143
Trd, 004322.340, 133
Trd, 004322.670, 137
Trd, 004322.720, 136
Trd, 004322.810, 127
Trd, 004322.980, 139.0
Trd, 004322.990, 141
Trd, 004323.160, 134.0
Trd, 004323.180, 133
Trd, 004323.440, 141
Trd, 004323.600, 140
Trd, 004323.900, 135
Trd, 004324.300, 141
Trd, 004324.500, 130.0
Trd, 004324.690, 142
Trd, 004325.140, 136
Trd, 004325.310, 138
Trd, 004327.080, 140
Trd, 004329.000, 134
Trd, 004331.440, 151.0
Trd, 004338.070, 160
Trd, 004344.530, 144.0
Trd, 004352.190, 148.0
Trd, 004352.350, 136.0
Trd, 004352.420, 132.0
Trd, 004352.730, 131
Trd, 004352.740, 131
Trd, 004352.820, 125.0
Trd, 004352.860, 134.0
Trd, 004352.880, 139
Trd, 004353.030, 139
Trd, 004353.110, 129
Trd, 004353.300, 140
Trd, 004353.450, 138
Trd, 004353.990, 137
Trd, 004354.060, 138
Trd, 004354.570, 137
Trd, 004354.620, 140
Trd, 004355.070, 137
Trd, 004355.630, 137
Trd, 004356.380, 140
Trd, 004357.470, 140
Trd, 004357.490, 140
Trd, 004358.230, 141
Trd, 004359.180, 142.0
Trd, 004361.440, 152.0
Trd, 004361.560, 137
Trd, 004366.710, 144
Trd, 004368.000, 163
Trd, 004382.160, 99.0
Trd, 004382.200, 144.0
Trd, 004382.310, 146
Trd, 004382.420, 142
Trd, 004382.470, 145
Trd, 004382.560, 142
Trd, 004382.740, 149
Trd, 004382.940, 140
Trd, 004382.950, 139
Trd, 004383.420, 144
Trd, 004383.670, 151
Trd, 004383.950, 148.0
Trd, 004384.120, 150.0
Trd, 004384.160, 152
Trd, 004384.400, 144
Trd, 004384.490, 145
Trd, 004384.510, 144
Trd, 004385.800, 150
Trd, 004386.860, 144
Trd, 004387.820, 144.0
Trd, 004388.280, 149
Trd, 004392.550, 149
Trd, 004393.120, 148
Trd, 004400.770, 148
Trd, 004404.190, 142
Trd, 004410.220, 139.0
Trd, 004412.250, 148
Trd, 004412.420, 150.0
Trd, 004412.470, 146
Trd, 004412.520, 148
Trd, 004412.610, 150
Trd, 004412.680, 148
Trd, 004412.730, 145
Trd, 004412.750, 142
Trd, 004412.850, 148
Trd, 004412.960, 140
Trd, 004413.890, 140
Trd, 004413.950, 138
Trd, 004414.000, 134
Trd, 004414.020, 136
Trd, 004414.160, 134.0
Trd, 004414.200, 132.0
Trd, 004414.280, 130.0
Trd, 004414.520, 130.0
Trd, 004414.740, 145
Trd, 004416.470, 130
Trd, 004417.250, 140
Trd, 004417.640, 141
Trd, 004419.430, 152.0
Trd, 004419.840, 159
Trd, 004424.950, 160
Trd, 004427.620, 169
Trd, 004434.200, 126.0
Trd, 004442.170, 133.0
Trd, 004442.280, 144
Trd, 004442.360, 148.0
Trd, 004442.450, 150.0
Trd, 004442.490, 144
Trd, 004442.570, 131.0
Trd, 004442.850, 141
Trd, 004443.200, 142.0
Trd, 004443.290, 143
Trd, 004443.340, 147.0
Trd, 004443.360, 139
Trd, 004443.450, 146
Trd, 004443.460, 152.0
Trd, 004443.630, 145
Trd, 004443.670, 142.0
Trd, 004443.840, 146
Trd, 004444.460, 143
Trd, 004444.990, 146
Trd, 004445.540, 136
Trd, 004445.660, 139
Trd, 004445.740, 143
Trd, 004446.220, 142
Trd, 004448.640, 142
Trd, 004449.740, 157
Trd, 004452.970, 140
Trd, 004453.790, 136
Trd, 004459.810, 130.0
Trd, 004460.000, 169
Trd, 004472.150, 132.0
Trd, 004472.290, 86.0
Trd, 004472.410, 148.0
Trd, 004472.450, 137.0
Trd, 004472.520, 148
Trd, 004472.530, 153
Trd, 004472.990, 141
Trd, 004473.040, 143
Trd, 004473.260, 140
Trd, 004473.280, 138
Trd, 004473.310, 136
Trd, 004473.670, 142
Trd, 004473.850, 136
Trd, 004474.070, 136
Trd, 004474.320, 136
Trd, 004474.410, 134
Trd, 004475.550, 137
Trd, 004475.650, 138
Trd, 004475.740, 138
Trd, 004476.750, 138
Trd, 004477.900, 138
Trd, 004478.110, 141
Trd, 004481.930, 144.0
Trd, 004482.350, 150.0
Trd, 004483.750, 134.0
Trd, 004493.160, 159
Trd, 004502.170, 192
Trd, 004502.220, 140
Trd, 004502.330, 137
Trd, 004502.490, 154
Trd, 004502.500, 139
Trd, 004502.560, 130.0
Trd, 004502.620, 126.0
Trd, 004502.820, 141
Trd, 004502.830, 142.0
Trd, 004502.970, 146
Trd, 004503.100, 143
Trd, 004503.130, 141
Trd, 004503.170, 150
Trd, 004503.240, 147.0
Trd, 004503.450, 144
Trd, 004504.000, 141
Trd, 004504.190, 144
Trd, 004504.580, 142
Trd, 004505.590, 141
Trd, 004506.550, 140
Trd, 004507.720, 141
Trd, 004507.760, 140
Trd, 004509.790, 141
Trd, 004511.940, 140
Trd, 004517.200, 138.0
Trd, 004529.510, 160
Trd, 004530.840, 134
Trd, 004532.230, 130.0
Trd, 004532.260, 143.0
Trd, 004532.510, 147.0
Trd, 004532.660, 153
Trd, 004532.700, 145.0
Trd, 004532.830, 141.0
Trd, 004532.920, 139.0
Trd, 004532.990, 138.0
Trd, 004533.000, 134
Trd, 004533.180, 142
Trd, 004533.200, 142.0
Trd, 004533.460, 139.0
Trd, 004534.100, 143
Trd, 004534.410, 140
Trd, 004534.740, 145.0
Trd, 004536.170, 141
Trd, 004537.020, 144
Trd, 004537.840, 142
Trd, 004538.940, 144
Trd, 004541.950, 146
Trd, 004542.740, 146
Trd, 004543.110, 146
Trd, 004543.910, 146
Trd, 004544.630, 143
Trd, 004548.560, 152.0
Trd, 004552.790, 135
Trd, 004562.200, 139
Trd, 004562.290, 152.0
Trd, 004562.380, 143
Trd, 004562.590, 147
Trd, 004562.810, 147
Trd, 004562.830, 156
Trd, 004562.950, 143
Trd, 004563.060, 139
Trd, 004563.180, 138.0
Trd, 004563.390, 143
Trd, 004563.440, 143
Trd, 004563.460, 142.0
Trd, 004563.540, 140
Trd, 004564.080, 141
Trd, 004564.470, 142
Trd, 004564.670, 137
Trd, 004565.520, 143.0
Trd, 004565.670, 144
Trd, 004565.820, 145
Trd, 004565.850, 146
Trd, 004568.090, 145
Trd, 004568.430, 135
Trd, 004569.830, 144
Trd, 004570.940, 145
Trd, 004574.580, 132.0
Trd, 004574.680, 151.0
Trd, 004576.340, 130.0
Trd, 004579.980, 162
Trd, 004583.220, 127.0
Trd, 004592.280, 155
Trd, 004592.330, 149
Trd, 004592.480, 135
Trd, 004592.530, 148
Trd, 004592.580, 142
Trd, 004592.710, 135
Trd, 004592.740, 129
Trd, 004592.820, 130.0
Trd, 004592.880, 127.0
Trd, 004593.130, 136
Trd, 004593.140, 138
Trd, 004593.160, 139
Trd, 004593.310, 124.0
Trd, 004593.480, 136
Trd, 004593.670, 132.0
Trd, 004593.790, 137
Trd, 004594.240, 137
Trd, 004594.360, 136
Trd, 004594.370, 133
Trd, 004594.390, 133
Trd, 004595.490, 137
Trd, 004596.710, 137
Trd, 004598.050, 139.0
Trd, 004599.520, 143.0
Trd, 004601.790, 144
Trd, 004602.740, 151.0
Trd, 004607.080, 142
Trd, 004610.650, 140
Trd, 004622.280, 142
Trd, 004622.300, 145
Trd, 004622.330, 135
Trd, 004622.360, 133.0
Trd, 004622.500, 137
Trd, 004622.570, 144
Trd, 004622.590, 126.0
Trd, 004622.630, 110.0
Trd, 004622.690, 139
Trd, 004622.790, 147.0
Trd, 004622.910, 146
Trd, 004623.010, 139
Trd, 004623.120, 139
Trd, 004623.230, 145.0
Trd, 004623.310, 143.0
Trd, 004623.480, 137.0
Trd, 004623.740, 132
Trd, 004623.970, 140
Trd, 004624.220, 138.0
Trd, 004624.320, 152.0
Trd, 004625.450, 143.0
Trd, 004625.480, 143
Trd, 004625.800, 139
Trd, 004625.970, 140
Trd, 004628.870, 160
Trd, 004632.530, 154
Trd, 004640.490, 160
Trd, 004652.290, 155
Trd, 004652.520, 142
Trd, 004652.590, 146
Trd, 004652.710, 138.0
Trd, 004652.730, 135
Trd, 004652.840, 132.0
Trd, 004652.940, 138
Trd, 004653.020, 134
Trd, 004653.300, 139.0
Trd, 004653.360, 142
Trd, 004653.400, 144
Trd, 004653.420, 145
Trd, 004653.630, 133
Trd, 004653.660, 132.0
Trd, 004654.020, 143
Trd, 004654.080, 143
Trd, 004654.280, 144
Trd, 004654.300, 132
Trd, 004654.700, 143
Trd, 004654.980, 143
Trd, 004655.320, 137
Trd, 004655.350, 144.0
Trd, 004656.130, 135.0
Trd, 004657.670, 151.0
Trd, 004660.040, 159
Trd, 004676.740, 149.0
Trd, 004682.300, 121
Trd, 004682.440, 152.0
Trd, 004682.710, 149
Trd, 004682.740, 148.0
Trd, 004682.790, 149
Trd, 004682.800, 148
Trd, 004682.850, 148
Trd, 004682.980, 147
Trd, 004683.020, 145.0
Trd, 004683.060, 143.0
Trd, 004683.120, 149
Trd, 004683.150, 142
Trd, 004683.350, 141
Trd, 004683.580, 139.0
Trd, 004683.710, 143.0
Trd, 004683.850, 149
Trd, 004684.010, 145
Trd, 004684.280, 150
Trd, 004684.300, 141
Trd, 004685.250, 150
Trd, 004686.180, 145
Trd, 004687.300, 150
Trd, 004687.930, 152.0
Trd, 004688.600, 135
Trd, 004691.520, 159
Trd, 004712.370, 151
Trd, 004712.380, 149.0
Trd, 004712.450, 175
Trd, 004712.500, 187
Trd, 004712.620, 166
Trd, 004712.860, 153
Trd, 004713.000, 151
Trd, 004713.100, 151.0
Trd, 004713.150, 155
Trd, 004713.250, 151
Trd, 004713.290, 146
Trd, 004713.330, 143.0
Trd, 004713.410, 141
Trd, 004713.510, 146.0
Trd, 004713.800, 146.0
Trd, 004714.050, 149
Trd, 004714.980, 145
Trd, 004715.520, 149
Trd, 004717.100, 147
Trd, 004717.530, 146
Trd, 004717.950, 146
Trd, 004723.080, 146
Trd, 004725.340, 143
Trd, 004739.780, 146
Trd, 004742.290, 145
Trd, 004742.430, 142
Trd, 004742.500, 141.0
Trd, 004742.660, 141
Trd, 004742.810, 144.0
Trd, 004742.850, 142
Trd, 004743.060, 144
Trd, 004743.160, 144
Trd, 004743.180, 142
Trd, 004743.190, 140
Trd, 004743.540, 143
Trd, 004743.570, 134
Trd, 004743.630, 133
Trd, 004743.750, 133.0
Trd, 004743.800, 131.0
Trd, 004743.850, 126
Trd, 004743.900, 141
Trd, 004744.190, 126
Trd, 004744.270, 125.0
Trd, 004744.470, 130
Trd, 004744.730, 135
Trd, 004745.780, 143.0
Trd, 004746.580, 158
Trd, 004746.970, 149
Trd, 004747.200, 137.0
Trd, 004747.270, 164
Trd, 004750.260, 152.0
Trd, 004769.740, 142
Trd, 004772.280, 148
Trd, 004772.350, 140
Trd, 004772.360, 112
Trd, 004772.520, 139
Trd, 004772.640, 142.0
Trd, 004772.670, 144
Trd, 004772.810, 142
Trd, 004772.830, 140
Trd, 004772.840, 146
Trd, 004773.110, 147.0
Trd, 004773.220, 152.0
Trd, 004773.310, 144
Trd, 004773.420, 142
Trd, 004773.740, 150.0
Trd, 004773.890, 139.0
Trd, 004773.920, 140
Trd, 004774.040, 134
Trd, 004774.060, 132.0
Trd, 004774.860, 126
Trd, 004775.080, 125.0
Trd, 004775.470, 130
Trd, 004775.870, 141
Trd, 004776.430, 132.0
Trd, 004776.610, 137
Trd, 004778.130, 162
Trd, 004780.190, 159
Trd, 004780.930, 158
Trd, 004782.430, 156
Trd, 004802.360, 159
Trd, 004802.380, 157
Trd, 004802.410, 144.0
Trd, 004802.550, 152
Trd, 004802.580, 142
Trd, 004802.730, 141
Trd, 004802.870, 129.0
Trd, 004802.920, 142.0
Trd, 004803.000, 148
Trd, 004803.070, 135
Trd, 004803.360, 144
Trd, 004803.460, 137.0
Trd, 004803.530, 133.0
Trd, 004803.940, 145
Trd, 004804.260, 139
Trd, 004804.280, 137
Trd, 004804.370, 146
Trd, 004804.570, 134
Trd, 004804.730, 136
Trd, 004805.160, 146
Trd, 004806.840, 144
Trd, 004807.610, 151.0
Trd, 004808.750, 132.0
Trd, 004810.530, 149
Trd, 004810.710, 159
Trd, 004812.030, 160
Trd, 004823.730, 171.0
Trd, 004824.430, 126.0
Trd, 004832.290, 149
Trd, 004832.330, 146.0
Trd, 004832.410, 140
Trd, 004832.460, 153
Trd, 004832.550, 159
Trd, 004832.560, 144
Trd, 004832.570, 141
Trd, 004832.820, 148.0
Trd, 004833.030, 152
Trd, 004833.150, 149
Trd, 004833.170, 145
Trd, 004833.330, 152
Trd, 004833.460, 143.0
Trd, 004833.640, 150.0
Trd, 004833.720, 150
Trd, 004834.090, 147
Trd, 004834.620, 142
Trd, 004834.650, 150
Trd, 004834.990, 137.0
Trd, 004835.950, 149
Trd, 004836.360, 132
Trd, 004837.350, 138
Trd, 004838.010, 145
Trd, 004839.020, 155
Trd, 004841.880, 160
Trd, 004848.240, 132.0
Trd, 004853.510, 131.0
Trd, 004862.350, 136
Trd, 004862.410, 142
Trd, 004862.450, 126.0
Trd, 004862.540, 136
Trd, 004862.590, 117.0
Trd, 004862.610, 122
Trd, 004862.630, 139
Trd, 004862.730, 120.0
Trd, 004862.840, 119
Trd, 004862.950, 124.0
Trd, 004863.130, 129
Trd, 004863.400, 128.0
Trd, 004863.430, 129
Trd, 004863.600, 126
Trd, 004863.900, 126
Trd, 004863.940, 117
Trd, 004864.200, 130.0
Trd, 004864.460, 134
Trd, 004864.470, 138.0
Trd, 004864.880, 140
Trd, 004864.940, 144.0
Trd, 004865.250, 152.0
Trd, 004866.310, 163
Trd, 004866.720, 161
Trd, 004867.720, 145
Trd, 004871.320, 136
Trd, 004871.360, 163
Trd, 004874.990, 150
Trd, 004882.470, 153
Trd, 004892.470, 132.0
Trd, 004892.480, 131.0
Trd, 004892.590, 138
Trd, 004892.610, 138
Trd, 004892.690, 120.0
Trd, 004892.710, 152
Trd, 004892.800, 142
Trd, 004892.850, 130
Trd, 004892.910, 138.0
Trd, 004892.970, 138
Trd, 004893.030, 131
Trd, 004893.070, 141
Trd, 004893.190, 150.0
Trd, 004893.400, 127.0
Trd, 004893.460, 136
Trd, 004894.110, 136
Trd, 004894.120, 139
Trd, 004894.580, 143.0
Trd, 004895.510, 144.0
Trd, 004895.940, 142
Trd, 004896.010, 152.0
Trd, 004896.460, 136
Trd, 004896.570, 135
Trd, 004896.990, 155.0
Trd, 004897.130, 161
Trd, 004897.980, 162
Trd, 004900.430, 162
Trd, 004901.590, 139
Trd, 004920.160, 133.0
Trd, 004922.430, 159.0
Trd, 004922.490, 152.0
Trd, 004922.520, 132.0
Trd, 004922.610, 143
Trd, 004922.620, 116
Trd, 004922.860, 138.0
Trd, 004922.980, 144
Trd, 004923.050, 138
Trd, 004923.290, 137.0
Trd, 004923.600, 143.0
Trd, 004923.660, 141
Trd, 004923.690, 144
Trd, 004923.780, 145
Trd, 004923.900, 140
Trd, 004924.150, 138
Trd, 004924.250, 143
Trd, 004924.380, 137
Trd, 004925.000, 142
Trd, 004925.340, 141
Trd, 004925.500, 134
Trd, 004925.760, 140
Trd, 004926.230, 150.0
Trd, 004926.980, 162
Trd, 004928.580, 147
Trd, 004939.560, 140
Trd, 004942.590, 156
Trd, 004945.710, 132.0
Trd, 004952.500, 144
Trd, 004952.520, 146
Trd, 004952.530, 136
Trd, 004952.550, 126
Trd, 004952.570, 149
Trd, 004952.730, 146.0
Trd, 004952.760, 135
Trd, 004952.830, 132.0
Trd, 004952.850, 150
Trd, 004952.950, 152
Trd, 004952.990, 150.0
Trd, 004953.250, 140
Trd, 004953.290, 140
Trd, 004953.300, 151
Trd, 004953.640, 142.0
Trd, 004953.760, 143.0
Trd, 004953.810, 141
Trd, 004954.200, 138
Trd, 004954.290, 138.0
Trd, 004954.710, 147.0
Trd, 004955.170, 142
Trd, 004955.670, 143
Trd, 004956.940, 132.0
Trd, 004958.030, 151.0
Trd, 004959.050, 159
Trd, 004967.370, 162
Trd, 004968.430, 163
Trd, 004981.470, 126.0
Trd, 004982.360, 133.0
Trd, 004982.400, 110.0
Trd, 004982.460, 140
Trd, 004982.480, 127
Trd, 004982.520, 131
Trd, 004982.550, 114.0
Trd, 004982.610, 132
Trd, 004982.750, 125
Trd, 004982.760, 137.0
Trd, 004982.840, 161
Trd, 004982.890, 147.0
Trd, 004982.940, 145
Trd, 004983.200, 145
Trd, 004983.230, 150.0
Trd, 004983.370, 140
Trd, 004983.440, 133
Trd, 004983.580, 142
Trd, 004983.600, 142
Trd, 004984.070, 135
Trd, 004984.130, 142
Trd, 004984.260, 143.0
Trd, 004984.820, 144
Trd, 004984.860, 142.0
Trd, 004985.230, 144
Trd, 004987.790, 151
Trd, 004989.400, 145
Trd, 004991.910, 164
