Trd, 000030.120, 70.0
Trd, 000030.160, 72
Trd, 000030.660, 104.0
Trd, 000031.180, 102
Trd, 000031.560, 101
Trd, 000031.720, 99
Trd, 000031.740, 109
Trd, 000031.880, 107
Trd, 000032.160, 123
Trd, 000032.780, 123
Trd, 000034.900, 107
Trd, 000037.280, 101.0
Trd, 000050.040, 95.0
Trd, 000060.240, 58.0
Trd, 000060.440, 132.0
Trd, 000060.800, 104
Trd, 000061.340, 126
Trd, 000061.420, 133.0
Trd, 000061.560, 116.0
Trd, 000063.980, 115
Trd, 000065.040, 115
Trd, 000065.240, 104.0
Trd, 000068.500, 104
Trd, 000070.580, 105
Trd, 000090.560, 77.0
Trd, 000090.640, 103
Trd, 000090.840, 103
Trd, 000090.860, 91
Trd, 000091.460, 95
Trd, 000091.680, 96
Trd, 000091.720, 95
Trd, 000092.060, 104.0
Trd, 000092.440, 118
Trd, 000092.940, 97
Trd, 000105.760, 108
Trd, 000108.420, 106
Trd, 000116.700, 100
Trd, 000120.440, 94
Trd, 000120.580, 71
Trd, 000120.720, 75.0
Trd, 000120.900, 92
Trd, 000121.000, 71
Trd, 000121.400, 88
Trd, 000121.740, 96
Trd, 000122.240, 97
Trd, 000124.460, 104.0
Trd, 000126.520, 114
Trd, 000135.200, 109
Trd, 000139.300, 111
Trd, 000147.280, 91.0
Trd, 000150.340, 101
Trd, 000150.640, 103.0
Trd, 000151.040, 100
Trd, 000151.100, 101
Trd, 000151.880, 100
Trd, 000152.120, 100
Trd, 000153.040, 98
Trd, 000154.740, 102
Trd, 000158.720, 101
Trd, 000159.780, 104.0
Trd, 000161.260, 95.0
Trd, 000164.600, 109
Trd, 000177.140, 116
Trd, 000180.440, 104
Trd, 000180.700, 107
Trd, 000180.880, 105
Trd, 000180.900, 97
Trd, 000181.420, 101
Trd, 000181.840, 103
Trd, 000182.440, 104.0
Trd, 000183.640, 103
Trd, 000183.940, 104
Trd, 000185.980, 101
Trd, 000210.300, 58.0
Trd, 000210.360, 70.0
Trd, 000210.700, 75.0
Trd, 000212.780, 124
Trd, 000213.500, 114
Trd, 000215.080, 118
Trd, 000215.620, 116
Trd, 000216.100, 117
Trd, 000220.440, 117
Trd, 000229.080, 114
Trd, 000240.320, 68
Trd, 000240.480, 100
Trd, 000240.700, 101
Trd, 000240.760, 76
Trd, 000241.020, 104.0
Trd, 000241.440, 95
Trd, 000241.540, 95
Trd, 000241.640, 95
Trd, 000241.820, 109
Trd, 000243.260, 99
Trd, 000247.620, 105
Trd, 000250.500, 117
Trd, 000262.460, 98
Trd, 000270.260, 75.0
Trd, 000271.280, 129
Trd, 000271.300, 125
Trd, 000272.040, 131.0
Trd, 000272.960, 124
Trd, 000289.240, 117
Trd, 000295.660, 116.0
Trd, 000300.640, 70
Trd, 000300.900, 70
Trd, 000301.120, 75.0
Trd, 000301.320, 71
Trd, 000301.340, 84
Trd, 000301.880, 80
Trd, 000302.000, 93
Trd, 000302.280, 95
Trd, 000306.620, 95
Trd, 000316.240, 104.0
Trd, 000317.660, 117
Trd, 000320.620, 111
Trd, 000329.280, 112
Trd, 000330.440, 110
Trd, 000330.460, 137.0
Trd, 000330.880, 90
Trd, 000331.040, 86
Trd, 000331.160, 113
Trd, 000331.420, 101
Trd, 000332.380, 104.0
Trd, 000332.580, 102
Trd, 000333.000, 101
Trd, 000333.080, 106
Trd, 000337.900, 101
Trd, 000347.200, 107
Trd, 000349.100, 95.0
Trd, 000360.440, 75.0
Trd, 000360.560, 72.0
Trd, 000360.780, 97
Trd, 000361.020, 101
Trd, 000361.140, 103
Trd, 000361.260, 97
Trd, 000362.020, 93
Trd, 000362.880, 98
Trd, 000363.880, 96
Trd, 000364.440, 97
Trd, 000382.340, 104.0
Trd, 000390.440, 75.0
Trd, 000390.640, 145.0
Trd, 000390.720, 107
Trd, 000391.100, 119
Trd, 000391.420, 102
Trd, 000393.780, 103
Trd, 000395.240, 103
Trd, 000397.200, 103
Trd, 000397.440, 102
Trd, 000399.980, 116
Trd, 000400.000, 98
Trd, 000420.580, 66
Trd, 000420.820, 70.0
Trd, 000421.400, 88
Trd, 000421.480, 89
Trd, 000421.580, 91
Trd, 000421.740, 100
Trd, 000422.020, 96
Trd, 000422.300, 104.0
Trd, 000422.460, 97
Trd, 000423.220, 102
Trd, 000424.100, 117
Trd, 000432.500, 115
Trd, 000442.000, 116
Trd, 000450.600, 69.0
Trd, 000450.620, 70.0
Trd, 000450.960, 141.0
Trd, 000451.020, 116.0
Trd, 000452.340, 145.0
Trd, 000453.100, 126
Trd, 000453.500, 118
Trd, 000455.180, 131
Trd, 000466.620, 117
Trd, 000478.400, 116
Trd, 000480.540, 145.0
Trd, 000480.580, 92
Trd, 000480.960, 99
Trd, 000482.120, 103.0
Trd, 000482.480, 97
Trd, 000482.720, 103
Trd, 000484.680, 101
Trd, 000484.960, 101.0
Trd, 000487.060, 99
Trd, 000487.500, 100
Trd, 000488.780, 104.0
Trd, 000492.780, 116
Trd, 000504.760, 95.0
Trd, 000511.120, 98
Trd, 000511.220, 104.0
Trd, 000511.240, 91.0
Trd, 000511.360, 108
Trd, 000511.740, 88
Trd, 000511.800, 87
Trd, 000511.840, 106
Trd, 000513.860, 103
Trd, 000514.700, 105
Trd, 000516.520, 107
Trd, 000518.120, 117
Trd, 000530.940, 104.0
Trd, 000540.960, 97
Trd, 000541.400, 107
Trd, 000541.500, 104
Trd, 000541.520, 108
Trd, 000541.620, 104.0
Trd, 000541.980, 109
Trd, 000543.260, 102
Trd, 000544.080, 102
Trd, 000544.700, 99
Trd, 000545.160, 104
Trd, 000545.420, 104.0
Trd, 000552.740, 105
Trd, 000571.340, 104.0
Trd, 000571.420, 77.0
Trd, 000571.460, 96
Trd, 000571.520, 76.0
Trd, 000571.580, 75.0
Trd, 000571.660, 100
Trd, 000572.440, 93
Trd, 000572.600, 96
Trd, 000573.860, 100
Trd, 000577.440, 104.0
Trd, 000582.680, 120
Trd, 000584.360, 133.0
Trd, 000586.760, 113
Trd, 000591.900, 103
Trd, 000598.380, 95.0
Trd, 000600.780, 104
Trd, 000600.920, 98
Trd, 000601.080, 92.0
Trd, 000601.900, 103
Trd, 000601.920, 104.0
Trd, 000603.120, 100
Trd, 000603.980, 99
Trd, 000604.400, 99
Trd, 000604.640, 100
Trd, 000613.980, 114
Trd, 000622.640, 114
Trd, 000628.580, 104.0
Trd, 000630.880, 141.0
Trd, 000631.220, 107
Trd, 000631.340, 120
Trd, 000632.040, 104.0
Trd, 000632.760, 104
Trd, 000633.180, 105
Trd, 000634.240, 107
Trd, 000634.720, 105
Trd, 000635.520, 104.0
Trd, 000640.920, 107
Trd, 000644.700, 97
Trd, 000660.840, 70.0
Trd, 000661.100, 103
Trd, 000661.200, 104.0
Trd, 000661.280, 102
Trd, 000661.720, 101
Trd, 000662.580, 101
Trd, 000662.900, 101
Trd, 000663.160, 100
Trd, 000663.960, 111
Trd, 000664.980, 107
Trd, 000668.540, 116
Trd, 000671.620, 106
Trd, 000678.240, 105
Trd, 000688.400, 95.0
Trd, 000690.920, 70.0
Trd, 000691.180, 141.0
Trd, 000691.440, 116.0
Trd, 000691.840, 145.0
Trd, 000694.460, 119
Trd, 000695.560, 116
Trd, 000698.740, 104.0
Trd, 000699.760, 98
Trd, 000702.460, 103
Trd, 000704.180, 117
Trd, 000711.820, 109
Trd, 000721.020, 141.0
Trd, 000721.040, 95.0
Trd, 000721.180, 125
Trd, 000721.740, 105
Trd, 000721.800, 104
Trd, 000722.280, 102
Trd, 000722.520, 104
Trd, 000724.380, 104.0
Trd, 000724.680, 102
Trd, 000727.240, 106
Trd, 000729.440, 102
Trd, 000750.920, 145.0
Trd, 000751.040, 92
Trd, 000752.500, 102.0
Trd, 000752.960, 102
Trd, 000753.120, 101
Trd, 000753.860, 101
Trd, 000753.980, 102
Trd, 000754.840, 95.0
Trd, 000755.500, 102
Trd, 000765.780, 99
Trd, 000768.900, 96
Trd, 000774.360, 104.0
Trd, 000780.960, 103
Trd, 000781.160, 58.0
Trd, 000781.200, 70.0
Trd, 000781.340, 75.0
Trd, 000781.980, 100
Trd, 000782.480, 100
Trd, 000784.020, 101
Trd, 000784.780, 102
Trd, 000787.460, 104.0
Trd, 000787.980, 100
Trd, 000803.320, 104
Trd, 000811.120, 116
Trd, 000811.260, 100
Trd, 000811.520, 95.0
Trd, 000811.780, 97
Trd, 000811.820, 103
Trd, 000812.060, 92
Trd, 000813.460, 99
Trd, 000814.480, 98
Trd, 000815.160, 99
Trd, 000815.260, 99
Trd, 000818.520, 100
Trd, 000820.840, 104.0
Trd, 000832.960, 133.0
Trd, 000838.860, 118
Trd, 000841.080, 69.0
Trd, 000841.180, 70.0
Trd, 000841.260, 123
Trd, 000841.540, 75.0
Trd, 000842.160, 75
Trd, 000842.240, 104.0
Trd, 000843.400, 97
Trd, 000845.740, 125
Trd, 000846.620, 127
Trd, 000846.720, 116
Trd, 000851.540, 114
Trd, 000857.280, 104.0
Trd, 000871.100, 145.0
Trd, 000871.500, 114
Trd, 000872.020, 108
Trd, 000872.120, 111
Trd, 000872.200, 103
Trd, 000872.320, 113
Trd, 000872.520, 118
Trd, 000873.400, 104
Trd, 000876.260, 104.0
Trd, 000879.820, 103
Trd, 000884.580, 100
Trd, 000893.880, 98
Trd, 000901.160, 77
Trd, 000901.340, 99
Trd, 000901.400, 92
Trd, 000901.600, 117
Trd, 000902.280, 103
Trd, 000902.360, 102
Trd, 000903.300, 102
Trd, 000903.480, 99
Trd, 000904.480, 102
Trd, 000904.820, 104.0
Trd, 000911.300, 116
Trd, 000911.540, 99
Trd, 000918.740, 104
Trd, 000931.420, 77
Trd, 000931.620, 104.0
Trd, 000931.740, 79
Trd, 000931.780, 101
Trd, 000932.460, 107
Trd, 000932.560, 104.0
Trd, 000932.780, 105
Trd, 000933.180, 116
Trd, 000934.740, 117
Trd, 000937.640, 128
Trd, 000939.460, 118
Trd, 000944.000, 99
Trd, 000951.580, 95.0
Trd, 000959.300, 129
Trd, 000961.340, 141.0
Trd, 000961.460, 145.0
Trd, 000961.980, 98
Trd, 000962.060, 95.0
Trd, 000962.480, 93
Trd, 000963.420, 106
Trd, 000963.960, 110
Trd, 000964.860, 110
Trd, 000967.500, 111
Trd, 000970.000, 111
Trd, 000972.500, 108
Trd, 000975.280, 91.0
Trd, 000991.220, 58.0
Trd, 000991.500, 74.0
Trd, 000991.620, 75.0
Trd, 000991.820, 104.0
Trd, 000992.220, 99
Trd, 000992.280, 133.0
Trd, 000993.260, 104.0
Trd, 000995.400, 108
Trd, 000995.940, 108
Trd, 000997.600, 108
Trd, 001000.860, 106
Trd, 001004.060, 95.0
Trd, 001004.560, 109
Trd, 001008.920, 91.0
Trd, 001021.460, 66
Trd, 001021.620, 91
Trd, 001021.700, 92
Trd, 001021.940, 86
Trd, 001022.120, 96
Trd, 001022.300, 104.0
Trd, 001023.340, 112
Trd, 001023.660, 109
Trd, 001024.400, 106
Trd, 001026.320, 116
Trd, 001036.000, 104.0
Trd, 001042.240, 95.0
Trd, 001043.000, 91.0
Trd, 001051.360, 97
Trd, 001051.460, 58.0
Trd, 001051.560, 75
Trd, 001051.780, 92
Trd, 001051.880, 104.0
Trd, 001052.240, 116
Trd, 001052.640, 104
Trd, 001053.440, 84
Trd, 001053.460, 83
Trd, 001056.040, 110
Trd, 001056.400, 106
Trd, 001059.940, 114
Trd, 001070.840, 96
Trd, 001081.620, 111
Trd, 001081.660, 109
Trd, 001081.740, 104.0
Trd, 001081.800, 103
Trd, 001081.920, 120
Trd, 001082.020, 97
Trd, 001083.500, 96
Trd, 001083.760, 104
Trd, 001084.220, 102
Trd, 001085.460, 102
Trd, 001086.260, 96.0
Trd, 001090.980, 100
Trd, 001106.740, 95.0
Trd, 001111.600, 70.0
Trd, 001111.780, 87
Trd, 001111.820, 75.0
Trd, 001111.860, 99
Trd, 001111.900, 100
Trd, 001112.100, 96
Trd, 001112.200, 97
Trd, 001114.640, 95
Trd, 001115.020, 104.0
Trd, 001115.920, 103
Trd, 001117.440, 106
Trd, 001121.360, 106
Trd, 001141.460, 70.0
Trd, 001141.520, 98
Trd, 001141.720, 141.0
Trd, 001143.040, 104.0
Trd, 001143.700, 110
Trd, 001144.900, 107
Trd, 001145.480, 104.0
Trd, 001147.040, 103
Trd, 001147.100, 95.0
Trd, 001148.880, 108
Trd, 001149.660, 106
Trd, 001166.060, 107
Trd, 001171.720, 102
Trd, 001171.760, 107
Trd, 001172.060, 103.0
Trd, 001172.120, 104.0
Trd, 001172.780, 103
Trd, 001172.900, 102
Trd, 001173.720, 103
Trd, 001173.780, 117
Trd, 001173.880, 102
Trd, 001176.680, 115
Trd, 001179.340, 117
Trd, 001194.360, 95.0
Trd, 001201.820, 107
Trd, 001201.960, 104
Trd, 001202.000, 97
Trd, 001202.120, 97
Trd, 001202.520, 102
Trd, 001202.600, 102
Trd, 001203.600, 102
Trd, 001204.300, 101
Trd, 001205.800, 104
Trd, 001207.380, 117
Trd, 001211.360, 95.0
Trd, 001225.840, 91.0
Trd, 001231.580, 109
Trd, 001231.820, 112
Trd, 001231.980, 148
Trd, 001232.200, 145.0
Trd, 001232.240, 116.0
Trd, 001232.600, 98
Trd, 001232.680, 91
Trd, 001233.360, 125
Trd, 001234.860, 96
Trd, 001237.440, 94
Trd, 001239.400, 95
Trd, 001239.420, 94.0
Trd, 001241.240, 97
Trd, 001261.700, 108
Trd, 001261.880, 141.0
Trd, 001262.020, 105
Trd, 001262.040, 95.0
Trd, 001262.260, 115
Trd, 001262.380, 88.0
Trd, 001263.680, 105
Trd, 001264.980, 104
Trd, 001265.140, 107
Trd, 001265.240, 120
Trd, 001267.820, 100
Trd, 001267.900, 99
Trd, 001272.100, 108
Trd, 001274.200, 127
Trd, 001291.840, 104
Trd, 001291.980, 125
Trd, 001292.000, 103
Trd, 001292.600, 104.0
Trd, 001293.020, 108
Trd, 001293.920, 105
Trd, 001294.020, 108
Trd, 001294.340, 106
Trd, 001297.520, 105
Trd, 001299.020, 105
Trd, 001300.260, 104
Trd, 001305.440, 118
Trd, 001321.760, 58.0
Trd, 001321.820, 104.0
Trd, 001322.120, 89
Trd, 001322.660, 96
Trd, 001322.780, 92
Trd, 001322.980, 104
Trd, 001324.500, 104
Trd, 001326.380, 102
Trd, 001335.220, 103
Trd, 001339.040, 110
Trd, 001340.700, 118
Trd, 001341.340, 109
Trd, 001341.560, 110
Trd, 001351.920, 88
Trd, 001352.020, 105
Trd, 001352.260, 104
Trd, 001352.380, 113
Trd, 001352.900, 104
Trd, 001353.480, 105
Trd, 001353.780, 105
Trd, 001354.980, 104.0
Trd, 001355.100, 101
Trd, 001357.700, 106
Trd, 001359.460, 119
Trd, 001379.720, 99
Trd, 001381.860, 70.0
Trd, 001381.960, 108
Trd, 001382.000, 119
Trd, 001382.080, 95
Trd, 001382.580, 79
Trd, 001383.180, 98
Trd, 001384.280, 95
Trd, 001384.360, 99
Trd, 001386.580, 97
Trd, 001388.320, 100
Trd, 001397.640, 100
Trd, 001411.860, 100
Trd, 001412.000, 103
Trd, 001412.100, 79
Trd, 001412.200, 141.0
Trd, 001412.440, 78
Trd, 001413.820, 98
Trd, 001414.220, 96
Trd, 001414.920, 100.0
Trd, 001416.460, 104.0
Trd, 001417.740, 100.0
Trd, 001419.540, 116
Trd, 001441.920, 137.0
Trd, 001442.100, 95
Trd, 001442.260, 89.0
Trd, 001442.580, 100
Trd, 001442.620, 101
Trd, 001443.060, 100
Trd, 001443.780, 101
Trd, 001444.820, 101
Trd, 001445.180, 100
Trd, 001447.040, 104.0
Trd, 001451.240, 99
Trd, 001472.060, 101
Trd, 001472.140, 75.0
Trd, 001472.520, 100
Trd, 001472.540, 95
Trd, 001472.800, 94
Trd, 001473.000, 102
Trd, 001473.420, 93
Trd, 001474.460, 99
Trd, 001476.440, 104.0
Trd, 001481.760, 103
Trd, 001481.880, 116
Trd, 001488.040, 95.0
Trd, 001502.000, 70.0
Trd, 001502.100, 94
Trd, 001502.180, 108
Trd, 001502.340, 75.0
Trd, 001502.500, 104.0
Trd, 001502.580, 116
Trd, 001503.680, 95
Trd, 001504.340, 102
Trd, 001504.700, 103
Trd, 001507.660, 105
Trd, 001508.220, 101
Trd, 001513.640, 100
Trd, 001522.340, 95.0
Trd, 001532.140, 141.0
Trd, 001532.400, 126
Trd, 001532.520, 116.0
Trd, 001532.600, 111
Trd, 001533.020, 108
Trd, 001533.260, 108
Trd, 001533.640, 95.0
Trd, 001535.000, 111
Trd, 001536.360, 97.0
Trd, 001536.540, 110
Trd, 001536.740, 97
Trd, 001538.480, 91.0
Trd, 001546.820, 109
Trd, 001562.200, 75.0
Trd, 001562.260, 102
Trd, 001562.380, 104.0
Trd, 001562.600, 77.0
Trd, 001562.920, 104
Trd, 001563.500, 93
Trd, 001565.080, 101
Trd, 001566.000, 110
Trd, 001567.740, 105
Trd, 001568.280, 103
Trd, 001568.620, 105
Trd, 001577.540, 108
Trd, 001592.120, 108
Trd, 001592.440, 98
Trd, 001592.720, 108
Trd, 001592.940, 104.0
Trd, 001592.980, 100
Trd, 001593.100, 100
Trd, 001595.900, 100
Trd, 001596.340, 100
Trd, 001596.860, 100
Trd, 001597.340, 116
Trd, 001601.940, 103
Trd, 001611.740, 100
Trd, 001622.220, 141.0
Trd, 001622.280, 124
Trd, 001622.440, 103
Trd, 001622.600, 104.0
Trd, 001622.620, 94
Trd, 001622.760, 105
Trd, 001623.320, 92.0
Trd, 001625.880, 105
Trd, 001626.200, 105
Trd, 001628.080, 111
Trd, 001629.260, 116
Trd, 001629.800, 104.0
Trd, 001638.100, 91.0
Trd, 001652.300, 75.0
Trd, 001652.380, 70.0
Trd, 001652.900, 74.0
Trd, 001652.940, 75.0
Trd, 001653.000, 83
Trd, 001653.100, 94
Trd, 001653.300, 104.0
Trd, 001653.760, 116
Trd, 001655.800, 94
Trd, 001656.380, 98
Trd, 001657.140, 98
Trd, 001682.240, 123
Trd, 001682.280, 100
Trd, 001682.380, 145.0
Trd, 001682.460, 116.0
Trd, 001682.740, 141.0
Trd, 001682.800, 115
Trd, 001684.180, 115
Trd, 001690.500, 116
Trd, 001695.900, 104.0
Trd, 001696.260, 107
Trd, 001699.400, 103
Trd, 001712.440, 104
Trd, 001712.700, 99
Trd, 001712.800, 77
Trd, 001712.820, 99
Trd, 001713.220, 80
Trd, 001713.280, 90
Trd, 001713.400, 96
Trd, 001715.320, 93
Trd, 001715.380, 93
Trd, 001722.260, 104.0
Trd, 001725.500, 106
Trd, 001737.180, 104
Trd, 001742.300, 141.0
Trd, 001742.440, 100
Trd, 001742.620, 89.0
Trd, 001742.680, 88.0
Trd, 001743.220, 102
Trd, 001743.840, 101
Trd, 001744.460, 104.0
Trd, 001747.440, 95
Trd, 001747.740, 95.0
Trd, 001749.520, 95
Trd, 001771.760, 121
Trd, 001772.600, 100
Trd, 001772.860, 116
Trd, 001773.120, 107
Trd, 001773.140, 102
Trd, 001773.260, 118
Trd, 001773.420, 95.0
Trd, 001774.460, 114
Trd, 001774.720, 113
Trd, 001778.940, 112
Trd, 001779.600, 110
Trd, 001787.000, 110
Trd, 001800.920, 111
Trd, 001802.340, 70.0
Trd, 001802.440, 104.0
Trd, 001802.600, 58.0
Trd, 001804.380, 145.0
Trd, 001804.420, 141.0
Trd, 001805.760, 116.0
Trd, 001807.360, 116
Trd, 001809.280, 112
Trd, 001809.940, 113
Trd, 001811.900, 104.0
Trd, 001815.660, 112
Trd, 001820.680, 109
Trd, 001832.660, 145.0
Trd, 001832.900, 108
Trd, 001833.000, 100
Trd, 001833.340, 104
Trd, 001833.420, 122
Trd, 001833.860, 95.0
Trd, 001834.200, 114
Trd, 001836.940, 102.0
Trd, 001838.860, 106
Trd, 001841.120, 106
Trd, 001848.060, 104.0
Trd, 001862.420, 145.0
Trd, 001862.560, 108
Trd, 001862.860, 115
Trd, 001863.240, 103
Trd, 001863.360, 95.0
Trd, 001864.440, 98
Trd, 001864.460, 102
Trd, 001864.880, 100
Trd, 001866.940, 101
Trd, 001868.260, 100
Trd, 001871.080, 95
Trd, 001882.760, 117
Trd, 001883.520, 91.0
Trd, 001892.480, 145.0
Trd, 001892.960, 100
Trd, 001893.080, 123
Trd, 001893.780, 104
Trd, 001893.920, 116
Trd, 001895.160, 117
Trd, 001895.240, 105
Trd, 001895.500, 104
Trd, 001896.500, 117
Trd, 001899.660, 110.0
Trd, 001899.840, 104.0
Trd, 001922.680, 116
Trd, 001922.880, 109
Trd, 001922.900, 108
Trd, 001923.380, 103
Trd, 001923.440, 104.0
Trd, 001925.220, 96
Trd, 001925.620, 107
Trd, 001926.980, 112
Trd, 001927.120, 104
Trd, 001932.240, 110
Trd, 001935.460, 113
Trd, 001952.580, 145.0
Trd, 001952.740, 70
Trd, 001953.060, 92
Trd, 001953.160, 96
Trd, 001953.260, 80
Trd, 001954.000, 93
Trd, 001954.120, 95
Trd, 001954.620, 98
Trd, 001959.520, 104.0
Trd, 001960.860, 102
Trd, 001965.820, 112
Trd, 001966.460, 116
Trd, 001982.700, 58.0
Trd, 001982.720, 75.0
Trd, 001983.080, 71.0
Trd, 001983.200, 89
Trd, 001983.260, 91
Trd, 001985.400, 104.0
Trd, 001985.440, 137.0
Trd, 002001.280, 115
Trd, 002002.500, 115
Trd, 002012.660, 114
Trd, 002012.860, 58.0
Trd, 002012.880, 119
Trd, 002013.100, 70.0
Trd, 002013.240, 79
Trd, 002013.340, 92
Trd, 002014.060, 103
Trd, 002014.500, 103
Trd, 002015.280, 104.0
Trd, 002019.320, 107
Trd, 002020.380, 115
Trd, 002021.520, 110
Trd, 002032.900, 100
Trd, 002035.360, 98
Trd, 002042.620, 70.0
Trd, 002042.720, 75.0
Trd, 002043.040, 104.0
Trd, 002043.840, 145.0
Trd, 002044.180, 134
Trd, 002045.180, 119
Trd, 002048.160, 116.0
Trd, 002052.280, 108
Trd, 002053.160, 107
Trd, 002060.740, 104.0
Trd, 002067.360, 107
Trd, 002072.840, 106
Trd, 002073.120, 145.0
Trd, 002073.420, 130
Trd, 002073.620, 105.0
Trd, 002074.660, 127
Trd, 002075.800, 120
Trd, 002076.960, 118
Trd, 002081.960, 112
Trd, 002083.260, 104.0
Trd, 002088.780, 106
Trd, 002098.520, 100
Trd, 002103.000, 60
Trd, 002103.020, 70.0
Trd, 002103.280, 73.0
Trd, 002103.400, 75.0
Trd, 002104.200, 104.0
Trd, 002104.800, 110
Trd, 002105.360, 119
Trd, 002109.060, 110
Trd, 002113.840, 109
Trd, 002116.700, 113
Trd, 002120.520, 104.0
Trd, 002129.520, 112
Trd, 002132.740, 141.0
Trd, 002132.800, 100
Trd, 002132.980, 74
Trd, 002134.060, 91
Trd, 002134.160, 93
Trd, 002136.460, 90
Trd, 002136.740, 91
Trd, 002138.260, 94
Trd, 002138.460, 95
Trd, 002143.400, 104.0
Trd, 002148.800, 106
Trd, 002163.040, 145.0
Trd, 002163.080, 119
Trd, 002163.580, 120
Trd, 002163.600, 104.0
Trd, 002163.660, 87.0
Trd, 002164.100, 84
Trd, 002164.220, 119
Trd, 002164.580, 120
Trd, 002166.600, 116
Trd, 002167.060, 105
Trd, 002171.400, 100
Trd, 002174.020, 98.0
Trd, 002183.120, 104.0
Trd, 002192.900, 103
Trd, 002193.160, 78
Trd, 002193.240, 88
Trd, 002193.440, 70.0
Trd, 002193.580, 80
Trd, 002193.640, 86
Trd, 002194.000, 104.0
Trd, 002196.500, 93
Trd, 002196.640, 94
Trd, 002198.180, 95
Trd, 002201.360, 116
Trd, 002213.260, 110
Trd, 002223.100, 80
Trd, 002223.240, 81
Trd, 002223.400, 104.0
Trd, 002223.680, 134.0
Trd, 002223.920, 99
Trd, 002224.320, 110
Trd, 002224.820, 107
Trd, 002224.940, 102
Trd, 002228.420, 103
Trd, 002228.880, 101
Trd, 002232.540, 91.0
Trd, 002234.740, 101
Trd, 002238.840, 95
Trd, 002243.760, 119
Trd, 002252.940, 70.0
Trd, 002253.100, 75.0
Trd, 002254.340, 118
Trd, 002255.180, 117
Trd, 002255.240, 116.0
Trd, 002255.600, 111
Trd, 002255.720, 117
Trd, 002255.860, 118
Trd, 002256.740, 133.0
Trd, 002258.340, 123
Trd, 002259.160, 119
Trd, 002263.220, 104.0
Trd, 002282.500, 99
Trd, 002283.140, 145.0
Trd, 002283.360, 117
Trd, 002283.560, 105.0
Trd, 002284.360, 105
Trd, 002284.500, 114
Trd, 002284.940, 104.0
Trd, 002285.900, 100
Trd, 002286.820, 102
Trd, 002286.980, 96
Trd, 002288.160, 103
Trd, 002290.000, 103
Trd, 002292.980, 95.0
Trd, 002297.500, 117
Trd, 002301.680, 91.0
Trd, 002313.000, 119
Trd, 002313.460, 104.0
Trd, 002313.960, 104
Trd, 002314.160, 101
Trd, 002314.200, 132.0
Trd, 002314.300, 133.0
Trd, 002314.380, 100
Trd, 002315.100, 106
Trd, 002316.240, 105
Trd, 002316.680, 114
Trd, 002321.440, 114
Trd, 002343.120, 58.0
Trd, 002343.200, 91
Trd, 002344.100, 96
Trd, 002344.480, 104.0
Trd, 002345.300, 97
Trd, 002346.060, 96
Trd, 002346.360, 97
Trd, 002348.220, 96.0
Trd, 002349.340, 97
Trd, 002349.580, 98
Trd, 002351.680, 96
Trd, 002358.100, 95.0
Trd, 002373.120, 70.0
Trd, 002373.400, 75.0
Trd, 002373.720, 78
Trd, 002374.360, 81
Trd, 002374.580, 91
Trd, 002374.840, 87
Trd, 002375.220, 93
Trd, 002375.660, 95
Trd, 002375.700, 104.0
Trd, 002376.540, 93
Trd, 002377.640, 107
Trd, 002388.580, 116
Trd, 002390.140, 104.0
Trd, 002403.180, 107
Trd, 002403.320, 69.0
Trd, 002403.400, 70.0
Trd, 002403.460, 75
Trd, 002403.580, 110
Trd, 002404.180, 81
Trd, 002404.440, 100
Trd, 002405.200, 99
Trd, 002406.400, 104.0
Trd, 002406.880, 99
Trd, 002410.080, 101
Trd, 002433.260, 145.0
Trd, 002433.580, 75.0
Trd, 002433.640, 104.0
Trd, 002433.820, 72.0
Trd, 002434.260, 118
Trd, 002434.400, 103
Trd, 002435.520, 106
Trd, 002436.240, 104.0
Trd, 002437.680, 103
Trd, 002440.440, 95.0
Trd, 002442.400, 99
Trd, 002453.720, 130
Trd, 002463.200, 99
Trd, 002463.580, 70.0
Trd, 002463.700, 104.0
Trd, 002464.100, 91
Trd, 002464.460, 90
Trd, 002464.820, 95
Trd, 002464.860, 91
Trd, 002464.980, 95
Trd, 002465.540, 95
Trd, 002467.040, 107
Trd, 002473.900, 114
Trd, 002483.260, 104.0
Trd, 002493.240, 145.0
Trd, 002493.520, 109
Trd, 002493.660, 84
Trd, 002494.080, 106
Trd, 002494.880, 106
Trd, 002495.200, 106
Trd, 002496.000, 107
Trd, 002496.800, 107
Trd, 002498.420, 109
Trd, 002500.200, 116
Trd, 002507.680, 104.0
Trd, 002511.840, 95.0
Trd, 002523.480, 58.0
Trd, 002523.560, 75.0
Trd, 002524.160, 80
Trd, 002524.180, 81
Trd, 002524.260, 77.0
Trd, 002524.640, 81
Trd, 002525.780, 81
Trd, 002526.400, 91
Trd, 002526.640, 95
Trd, 002526.680, 104.0
Trd, 002527.440, 99
Trd, 002535.660, 116
Trd, 002541.740, 104.0
Trd, 002553.640, 106
Trd, 002553.960, 101
Trd, 002554.040, 101
Trd, 002554.920, 102
Trd, 002555.140, 104.0
Trd, 002555.280, 115
Trd, 002557.520, 109
Trd, 002557.540, 111
Trd, 002558.920, 105
Trd, 002560.520, 95.0
Trd, 002567.300, 116
Trd, 002575.840, 126
Trd, 002583.380, 58.0
Trd, 002583.680, 70.0
Trd, 002583.980, 75.0
Trd, 002584.080, 104.0
Trd, 002584.220, 133.0
Trd, 002585.160, 126
Trd, 002590.180, 106
Trd, 002590.200, 106
Trd, 002591.060, 107
Trd, 002593.360, 106
Trd, 002605.500, 104.0
Trd, 002613.380, 70.0
Trd, 002613.500, 104.0
Trd, 002613.840, 136
Trd, 002613.940, 116.0
Trd, 002615.060, 124
Trd, 002615.360, 104.0
Trd, 002621.420, 111
Trd, 002621.620, 109
Trd, 002621.780, 107
Trd, 002622.600, 110
Trd, 002640.760, 100
Trd, 002643.560, 70.0
Trd, 002643.800, 77.0
Trd, 002644.520, 100
Trd, 002645.220, 115
Trd, 002645.380, 109
Trd, 002646.380, 105
Trd, 002647.220, 104
Trd, 002647.640, 107
Trd, 002651.280, 107
Trd, 002651.680, 96
Trd, 002658.900, 96
Trd, 002670.020, 108
Trd, 002673.580, 58.0
Trd, 002673.620, 70.0
Trd, 002673.860, 74.0
Trd, 002673.980, 75.0
Trd, 002674.380, 85
Trd, 002674.600, 104.0
Trd, 002675.040, 115
Trd, 002676.220, 115
Trd, 002680.880, 116.0
Trd, 002682.980, 117
Trd, 002688.940, 104.0
Trd, 002701.700, 95.0
Trd, 002703.720, 112
Trd, 002703.820, 103
Trd, 002703.880, 112
Trd, 002704.020, 76
Trd, 002704.280, 69
Trd, 002704.400, 75.0
Trd, 002704.520, 93
Trd, 002705.140, 104.0
Trd, 002707.600, 115
Trd, 002708.020, 117
Trd, 002715.580, 105
Trd, 002733.860, 86
Trd, 002733.880, 95
Trd, 002733.940, 76.0
Trd, 002734.280, 100
Trd, 002734.320, 105
Trd, 002734.340, 93
Trd, 002735.140, 115
Trd, 002737.120, 104.0
Trd, 002739.480, 105
Trd, 002743.660, 116
Trd, 002756.680, 100
Trd, 002763.600, 113
Trd, 002763.660, 58.0
Trd, 002764.580, 70.0
Trd, 002765.240, 75
Trd, 002765.940, 95
Trd, 002766.100, 86
Trd, 002766.720, 95
Trd, 002769.340, 95
Trd, 002770.640, 104.0
Trd, 002774.900, 116
Trd, 002775.960, 117
Trd, 002780.540, 116
Trd, 002793.820, 145.0
Trd, 002793.900, 141.0
Trd, 002794.160, 95
Trd, 002794.260, 98
Trd, 002795.400, 103.0
Trd, 002796.240, 96.0
Trd, 002799.520, 100
Trd, 002802.340, 101
Trd, 002806.120, 101
Trd, 002806.520, 97
Trd, 002810.340, 104.0
Trd, 002823.660, 106
Trd, 002823.820, 58.0
Trd, 002823.860, 70.0
Trd, 002824.180, 145.0
Trd, 002825.040, 104.0
Trd, 002825.160, 133
Trd, 002825.680, 120
Trd, 002828.120, 115
Trd, 002829.120, 115
Trd, 002837.980, 113
Trd, 002846.500, 110
Trd, 002848.180, 114
Trd, 002853.780, 116
Trd, 002854.000, 103
Trd, 002854.220, 102
Trd, 002854.840, 103
Trd, 002855.220, 104.0
Trd, 002856.060, 104
Trd, 002856.500, 103
Trd, 002857.520, 104
Trd, 002858.060, 103
Trd, 002861.200, 103
Trd, 002875.520, 111
Trd, 002883.860, 58.0
Trd, 002884.120, 70.0
Trd, 002884.320, 107
Trd, 002884.960, 75.0
Trd, 002885.960, 104.0
Trd, 002886.460, 124
Trd, 002886.800, 111
Trd, 002888.700, 112
Trd, 002889.280, 117
Trd, 002893.620, 111
Trd, 002895.340, 108.0
Trd, 002903.720, 110
Trd, 002914.040, 75.0
Trd, 002914.540, 100
Trd, 002914.640, 103
Trd, 002914.680, 100
Trd, 002915.260, 101
Trd, 002915.720, 101
Trd, 002916.160, 102
Trd, 002916.340, 103.0
Trd, 002916.420, 104.0
Trd, 002916.860, 100
Trd, 002917.200, 117
Trd, 002918.620, 99
Trd, 002927.800, 95.0
Trd, 002943.960, 75.0
Trd, 002944.040, 141.0
Trd, 002944.080, 144.0
Trd, 002944.120, 123
Trd, 002944.180, 95.0
Trd, 002945.200, 91
Trd, 002945.580, 82
Trd, 002946.320, 93
Trd, 002946.420, 95
Trd, 002946.880, 92
Trd, 002947.220, 93
Trd, 002950.620, 95
Trd, 002960.060, 118
Trd, 002966.200, 104.0
Trd, 002970.400, 91.0
Trd, 002973.880, 141.0
Trd, 002974.100, 70.0
Trd, 002974.240, 75.0
Trd, 002974.640, 103.0
Trd, 002974.700, 104.0
Trd, 002975.160, 140.0
Trd, 002976.100, 117
Trd, 002979.680, 123
Trd, 002981.340, 104.0
Trd, 002984.240, 99
Trd, 002985.800, 99
Trd, 002996.020, 98
Trd, 003003.320, 98
Trd, 003004.180, 83
Trd, 003004.300, 69
Trd, 003004.620, 70.0
Trd, 003004.680, 75.0
Trd, 003005.760, 79
Trd, 003006.400, 97
Trd, 003006.420, 98
Trd, 003007.860, 97
Trd, 003008.980, 103.0
Trd, 003009.360, 104.0
Trd, 003025.620, 108
Trd, 003034.220, 108
Trd, 003034.300, 136.0
Trd, 003034.620, 110
Trd, 003035.080, 105
Trd, 003035.140, 104.0
Trd, 003035.200, 103
Trd, 003035.700, 102
Trd, 003035.760, 117
Trd, 003036.980, 104.0
Trd, 003037.380, 103
Trd, 003050.020, 107
Trd, 003054.080, 96
Trd, 003061.080, 95.0
Trd, 003064.060, 102
Trd, 003064.280, 98
Trd, 003064.660, 102
Trd, 003064.780, 99
Trd, 003066.820, 116.0
Trd, 003067.180, 116
Trd, 003073.880, 115
Trd, 003075.040, 115
Trd, 003079.580, 104.0
Trd, 003083.980, 115
Trd, 003091.320, 101
Trd, 003094.120, 104.0
Trd, 003094.400, 95
Trd, 003094.520, 101
Trd, 003095.040, 93
Trd, 003095.160, 78.0
Trd, 003095.440, 93
Trd, 003096.100, 94
Trd, 003097.460, 95
Trd, 003097.680, 88
Trd, 003101.000, 117
Trd, 003103.720, 117
Trd, 003105.660, 116.0
Trd, 003113.700, 99
Trd, 003124.100, 76
Trd, 003124.680, 99
Trd, 003124.700, 97
Trd, 003124.940, 100
Trd, 003125.380, 104.0
Trd, 003125.760, 96
Trd, 003126.240, 102
Trd, 003127.320, 98
Trd, 003127.740, 98
Trd, 003129.020, 117
Trd, 003132.740, 113
Trd, 003143.840, 95.0
Trd, 003154.480, 102
Trd, 003154.500, 90
Trd, 003154.520, 108
Trd, 003154.860, 91
Trd, 003155.240, 102
Trd, 003156.240, 102
Trd, 003156.400, 104.0
Trd, 003156.460, 97
Trd, 003157.620, 104
Trd, 003160.260, 110
Trd, 003164.060, 104
Trd, 003184.200, 108
Trd, 003184.360, 105
Trd, 003184.640, 89
Trd, 003184.680, 98
Trd, 003184.760, 98
Trd, 003184.980, 99
Trd, 003185.100, 80
Trd, 003185.300, 79
Trd, 003187.940, 102
Trd, 003188.840, 104.0
Trd, 003199.880, 110
Trd, 003204.840, 95
Trd, 003214.340, 108
Trd, 003214.400, 137.0
Trd, 003214.460, 141.0
Trd, 003214.740, 86
Trd, 003215.180, 114
Trd, 003215.860, 105
Trd, 003215.880, 104
Trd, 003217.140, 104.0
Trd, 003217.240, 105
Trd, 003217.280, 107
Trd, 003218.600, 98
Trd, 003223.160, 95.0
Trd, 003244.720, 96
Trd, 003244.960, 80
Trd, 003245.460, 94
Trd, 003245.580, 92
Trd, 003246.000, 96
Trd, 003246.180, 84
Trd, 003246.380, 83
Trd, 003248.180, 101.0
Trd, 003250.120, 104.0
Trd, 003252.240, 106
Trd, 003254.080, 101
Trd, 003257.540, 97
Trd, 003274.300, 77
Trd, 003274.640, 57
Trd, 003274.780, 75.0
Trd, 003275.200, 104.0
Trd, 003276.240, 104
Trd, 003276.580, 106
Trd, 003276.880, 111
Trd, 003277.420, 103
Trd, 003278.940, 107
Trd, 003279.740, 106
Trd, 003292.540, 106
Trd, 003304.420, 70.0
Trd, 003304.620, 76.0
Trd, 003304.740, 77.0
Trd, 003304.900, 145.0
Trd, 003305.200, 141.0
Trd, 003305.920, 108
Trd, 003306.380, 113
Trd, 003306.880, 104.0
Trd, 003316.180, 104
Trd, 003319.380, 105
Trd, 003326.160, 104
Trd, 003330.520, 95
Trd, 003334.420, 68
Trd, 003334.880, 93
Trd, 003334.960, 98
Trd, 003335.040, 92
Trd, 003335.280, 91
Trd, 003335.400, 98
Trd, 003335.860, 97
Trd, 003335.980, 104.0
Trd, 003338.380, 100
Trd, 003338.660, 95.0
Trd, 003357.500, 91.0
Trd, 003359.580, 110
Trd, 003364.820, 99
Trd, 003364.940, 101
Trd, 003365.160, 99
Trd, 003365.360, 98
Trd, 003365.660, 100
Trd, 003365.800, 101
Trd, 003368.180, 98
Trd, 003370.060, 100
Trd, 003372.340, 100
Trd, 003380.820, 104.0
Trd, 003394.640, 104
Trd, 003394.820, 102
Trd, 003395.200, 83
Trd, 003396.500, 100
Trd, 003396.800, 87
Trd, 003397.080, 91
Trd, 003397.100, 94
Trd, 003397.300, 96
Trd, 003397.320, 102
Trd, 003398.360, 104.0
Trd, 003400.960, 105
Trd, 003424.740, 118
Trd, 003425.200, 114
Trd, 003425.440, 112
Trd, 003425.560, 110
Trd, 003425.840, 110
Trd, 003425.860, 104.0
Trd, 003426.060, 137.0
Trd, 003426.460, 122
Trd, 003429.700, 98
Trd, 003430.480, 97
Trd, 003431.000, 98
Trd, 003431.260, 103
Trd, 003454.640, 145.0
Trd, 003455.400, 102
Trd, 003455.460, 109
Trd, 003456.080, 102
Trd, 003456.620, 104
Trd, 003456.640, 103
Trd, 003457.080, 104
Trd, 003458.460, 104.0
Trd, 003458.860, 103
Trd, 003459.480, 105
Trd, 003460.240, 116
Trd, 003460.740, 97
Trd, 003484.720, 99
Trd, 003484.920, 99
Trd, 003485.560, 98
Trd, 003485.680, 99
Trd, 003486.180, 103.0
Trd, 003486.540, 104.0
Trd, 003490.440, 104
Trd, 003490.760, 101
Trd, 003493.240, 103
Trd, 003494.960, 98
Trd, 003495.200, 102
Trd, 003496.560, 106
Trd, 003514.800, 145.0
Trd, 003514.880, 141.0
Trd, 003514.900, 104.0
Trd, 003515.040, 102
Trd, 003515.140, 101
Trd, 003515.560, 104.0
Trd, 003517.220, 100
Trd, 003518.320, 100
Trd, 003518.960, 95.0
Trd, 003521.420, 98
Trd, 003521.500, 100
Trd, 003534.240, 117
Trd, 003538.180, 91.0
Trd, 003544.700, 100
Trd, 003544.980, 101
Trd, 003545.180, 117
Trd, 003545.420, 100
Trd, 003545.480, 99
Trd, 003545.740, 91.0
Trd, 003547.220, 98
Trd, 003547.400, 97
Trd, 003547.420, 104.0
Trd, 003548.700, 100
Trd, 003551.400, 111
Trd, 003557.300, 109
Trd, 003569.660, 104.0
Trd, 003575.260, 145.0
Trd, 003575.680, 141.0
Trd, 003576.600, 112
Trd, 003576.740, 111
Trd, 003577.160, 114
Trd, 003578.380, 110
Trd, 003578.460, 105
Trd, 003578.720, 110
Trd, 003579.280, 104.0
Trd, 003581.080, 108
Trd, 003601.940, 104
Trd, 003604.900, 105
Trd, 003605.000, 104.0
Trd, 003605.160, 70.0
Trd, 003605.640, 74.0
Trd, 003605.740, 75.0
Trd, 003605.960, 84
Trd, 003606.100, 86
Trd, 003606.760, 83
Trd, 003607.940, 107
Trd, 003610.700, 97
Trd, 003611.240, 100
Trd, 003613.120, 96
Trd, 003634.800, 141.0
Trd, 003635.240, 104
Trd, 003635.640, 102
Trd, 003636.220, 102
Trd, 003636.400, 106
Trd, 003636.540, 106
Trd, 003637.260, 101
Trd, 003637.320, 100
Trd, 003637.340, 100
Trd, 003640.720, 105
Trd, 003660.980, 107
Trd, 003664.900, 58.0
Trd, 003665.000, 100
Trd, 003665.140, 95.0
Trd, 003665.180, 101
Trd, 003665.240, 96
Trd, 003665.260, 103.0
Trd, 003666.420, 99
Trd, 003668.280, 99
Trd, 003668.920, 98
Trd, 003671.500, 104.0
Trd, 003687.560, 108
Trd, 003690.340, 107
Trd, 003694.980, 70.0
Trd, 003695.040, 108
Trd, 003695.180, 75
Trd, 003695.300, 133.0
Trd, 003696.020, 104.0
Trd, 003696.460, 107
Trd, 003696.680, 109
Trd, 003697.080, 105
Trd, 003699.140, 107
Trd, 003699.500, 107
Trd, 003699.620, 107
Trd, 003702.760, 100
Trd, 003711.580, 95.0
Trd, 003713.060, 116
Trd, 003718.220, 91.0
Trd, 003725.020, 108
Trd, 003725.200, 107
Trd, 003725.340, 109
Trd, 003725.400, 107
Trd, 003726.100, 104.0
Trd, 003726.120, 103
Trd, 003726.180, 117
Trd, 003726.680, 108
Trd, 003727.460, 111
Trd, 003727.920, 107
Trd, 003731.860, 100
Trd, 003755.000, 141.0
Trd, 003755.260, 106
Trd, 003755.580, 108
Trd, 003755.720, 105
Trd, 003755.980, 108
Trd, 003756.000, 105.0
Trd, 003757.540, 104.0
Trd, 003758.480, 103
Trd, 003759.620, 105
Trd, 003760.400, 100
Trd, 003764.060, 100
Trd, 003783.140, 102
Trd, 003785.120, 58.0
Trd, 003785.540, 70.0
Trd, 003785.620, 74.0
Trd, 003785.640, 75.0
Trd, 003786.760, 87
Trd, 003786.900, 88
Trd, 003787.200, 90
Trd, 003787.480, 92
Trd, 003793.480, 104.0
Trd, 003800.860, 105
Trd, 003814.080, 110
Trd, 003815.000, 58.0
Trd, 003815.080, 80
Trd, 003815.620, 145.0
Trd, 003815.700, 113
Trd, 003816.400, 132
Trd, 003817.360, 118
Trd, 003819.380, 116
Trd, 003821.300, 115
Trd, 003823.780, 104.0
Trd, 003832.820, 100
Trd, 003843.300, 95.0
Trd, 003844.840, 101
Trd, 003845.200, 70.0
Trd, 003845.380, 137.0
Trd, 003845.520, 98
Trd, 003845.880, 103
Trd, 003846.740, 101
Trd, 003847.960, 101
Trd, 003848.400, 102
Trd, 003848.460, 101
Trd, 003851.880, 103
Trd, 003853.620, 104.0
Trd, 003857.900, 104
Trd, 003864.980, 110
Trd, 003874.620, 100
Trd, 003875.120, 58.0
Trd, 003875.380, 100
Trd, 003875.840, 123
Trd, 003876.060, 130
Trd, 003876.900, 119
Trd, 003877.360, 118
Trd, 003877.500, 123
Trd, 003877.800, 128
Trd, 003882.640, 120
Trd, 003882.720, 116.0
Trd, 003893.960, 107
Trd, 003894.660, 104.0
Trd, 003905.200, 145.0
Trd, 003905.400, 108
Trd, 003905.480, 98
Trd, 003905.800, 96.0
Trd, 003906.140, 102.0
Trd, 003907.260, 102
Trd, 003907.340, 101
Trd, 003907.500, 102
Trd, 003910.300, 102
Trd, 003915.980, 98
Trd, 003918.020, 104.0
Trd, 003929.120, 95.0
Trd, 003935.220, 102
Trd, 003935.380, 103
Trd, 003935.420, 75.0
Trd, 003935.620, 70.0
Trd, 003936.160, 98
Trd, 003936.340, 102.0
Trd, 003936.560, 104.0
Trd, 003936.700, 133.0
Trd, 003939.220, 102
Trd, 003939.760, 129
Trd, 003949.220, 113
Trd, 003965.220, 104.0
Trd, 003965.400, 58.0
Trd, 003965.480, 62.0
Trd, 003966.140, 75.0
Trd, 003966.540, 116
Trd, 003966.740, 117
Trd, 003966.960, 89
Trd, 003967.020, 124
Trd, 003971.100, 104
Trd, 003974.240, 104.0
Trd, 003977.120, 102
Trd, 003982.320, 102
Trd, 003995.340, 75
Trd, 003995.400, 102
Trd, 003995.740, 77
Trd, 003996.040, 77
Trd, 003996.080, 95
Trd, 003996.240, 91
Trd, 003997.660, 89
Trd, 003997.680, 88
Trd, 003997.740, 95
Trd, 003998.060, 104.0
Trd, 003998.700, 119
Trd, 003999.360, 133.0
Trd, 004003.640, 106
Trd, 004025.320, 75.0
Trd, 004025.560, 141.0
Trd, 004025.600, 104.0
Trd, 004025.700, 141.0
Trd, 004026.320, 124
Trd, 004026.460, 101
Trd, 004028.980, 102
Trd, 004029.400, 106
Trd, 004030.180, 106
Trd, 004033.040, 105
Trd, 004035.720, 103
Trd, 004036.240, 95.0
Trd, 004055.360, 147
Trd, 004055.520, 104.0
Trd, 004056.000, 89.0
Trd, 004056.360, 113
Trd, 004056.440, 113
Trd, 004056.720, 98
Trd, 004056.920, 97
Trd, 004057.320, 95
Trd, 004058.380, 106
Trd, 004064.000, 111
Trd, 004067.080, 111
Trd, 004076.580, 112
Trd, 004085.820, 135.0
Trd, 004086.040, 112
Trd, 004086.120, 110
Trd, 004086.460, 110
Trd, 004086.620, 116
Trd, 004088.040, 104.0
Trd, 004090.340, 102
Trd, 004090.480, 101
Trd, 004091.580, 100
Trd, 004092.460, 100
Trd, 004093.080, 95
Trd, 004093.100, 117
Trd, 004105.300, 96
Trd, 004115.600, 60
Trd, 004115.680, 103.0
Trd, 004115.840, 104.0
Trd, 004115.900, 86
Trd, 004116.260, 95
Trd, 004117.640, 98
Trd, 004117.940, 97
Trd, 004118.300, 99
Trd, 004120.920, 103
Trd, 004122.640, 103
Trd, 004127.760, 102
Trd, 004145.680, 76.0
Trd, 004145.960, 101
Trd, 004146.140, 99
Trd, 004146.400, 93.0
Trd, 004146.600, 103
Trd, 004147.280, 101
Trd, 004148.180, 101
Trd, 004148.720, 100
Trd, 004149.300, 121
Trd, 004149.680, 100
Trd, 004153.600, 101
Trd, 004154.100, 104.0
Trd, 004155.000, 95
Trd, 004175.560, 77
Trd, 004175.580, 104.0
Trd, 004175.700, 133.0
Trd, 004176.340, 106
Trd, 004177.600, 109
Trd, 004178.200, 108
Trd, 004178.380, 109
Trd, 004179.560, 109
Trd, 004179.780, 109
Trd, 004187.880, 108
Trd, 004195.040, 109
Trd, 004196.880, 109
Trd, 004205.640, 70.0
Trd, 004205.700, 75.0
Trd, 004205.860, 81
Trd, 004206.000, 75
Trd, 004206.680, 83
Trd, 004206.940, 86
Trd, 004207.960, 91
Trd, 004208.660, 94
Trd, 004209.460, 96
Trd, 004213.660, 104.0
Trd, 004219.700, 107
Trd, 004220.020, 104.0
Trd, 004233.240, 114
Trd, 004235.440, 104
Trd, 004236.580, 145.0
Trd, 004236.620, 113
Trd, 004237.200, 114
Trd, 004237.840, 104.0
Trd, 004238.260, 123
Trd, 004238.380, 118
Trd, 004238.860, 116.0
Trd, 004239.460, 116
Trd, 004242.520, 105
Trd, 004242.540, 106
Trd, 004251.060, 96
Trd, 004265.540, 130
Trd, 004266.020, 104.0
Trd, 004266.100, 141.0
Trd, 004266.800, 110
Trd, 004267.060, 104
Trd, 004267.140, 103
Trd, 004267.340, 111
Trd, 004267.840, 102
Trd, 004268.840, 107
Trd, 004273.520, 104
Trd, 004275.720, 104
Trd, 004295.760, 70.0
Trd, 004295.880, 78
Trd, 004295.980, 97
Trd, 004296.060, 75.0
Trd, 004296.120, 105
Trd, 004296.380, 98
Trd, 004296.800, 104.0
Trd, 004298.600, 105
Trd, 004300.780, 105
Trd, 004305.660, 105
Trd, 004323.160, 116
Trd, 004325.640, 137.0
Trd, 004325.700, 76
Trd, 004326.240, 96
Trd, 004326.300, 78
Trd, 004326.860, 95
Trd, 004327.080, 89
Trd, 004328.540, 93
Trd, 004328.600, 92
Trd, 004328.820, 91
Trd, 004328.860, 89
Trd, 004332.240, 104.0
Trd, 004332.620, 122
Trd, 004336.800, 110
Trd, 004350.760, 92
Trd, 004355.600, 141.0
Trd, 004355.840, 71
Trd, 004356.120, 75.0
Trd, 004356.520, 89
Trd, 004356.640, 90
Trd, 004357.580, 92
Trd, 004358.060, 93
Trd, 004358.700, 95
Trd, 004359.440, 91.0
Trd, 004361.040, 104.0
Trd, 004367.940, 107
Trd, 004385.640, 94
Trd, 004385.680, 116
Trd, 004385.760, 137.0
Trd, 004386.100, 66
Trd, 004386.500, 103
Trd, 004387.300, 107
Trd, 004387.700, 106
Trd, 004388.420, 107
Trd, 004390.000, 107
Trd, 004390.600, 104
Trd, 004394.400, 100
Trd, 004403.760, 102
Trd, 004412.560, 101
Trd, 004415.640, 141.0
Trd, 004415.960, 58.0
Trd, 004416.000, 70.0
Trd, 004416.120, 67
Trd, 004416.240, 75.0
Trd, 004416.460, 117
Trd, 004417.100, 120
Trd, 004417.940, 99
Trd, 004418.660, 106
Trd, 004421.720, 101.0
Trd, 004422.760, 104.0
Trd, 004423.860, 101
Trd, 004432.500, 99
Trd, 004445.860, 70.0
Trd, 004445.880, 75.0
Trd, 004446.000, 58.0
Trd, 004446.640, 95
Trd, 004446.800, 90
Trd, 004446.880, 99
Trd, 004447.120, 102
Trd, 004447.500, 103
Trd, 004449.880, 96
Trd, 004452.120, 100
Trd, 004454.680, 104.0
Trd, 004459.700, 99
Trd, 004475.680, 103
Trd, 004475.720, 97
Trd, 004475.840, 104
Trd, 004475.960, 99
Trd, 004476.700, 101
Trd, 004477.100, 101
Trd, 004477.500, 100
Trd, 004478.740, 101
Trd, 004481.860, 101
Trd, 004485.420, 100
Trd, 004495.680, 104.0
Trd, 004498.120, 99
Trd, 004505.820, 145.0
Trd, 004505.860, 99
Trd, 004506.560, 104.0
Trd, 004506.760, 104.0
Trd, 004508.160, 106
Trd, 004508.460, 106
Trd, 004508.700, 105
Trd, 004508.820, 109
Trd, 004509.540, 106
Trd, 004509.580, 109
Trd, 004517.540, 117
Trd, 004534.280, 100
Trd, 004535.800, 70.0
Trd, 004535.940, 82
Trd, 004536.020, 111
Trd, 004536.420, 99
Trd, 004536.540, 97
Trd, 004536.800, 96
Trd, 004536.840, 95.0
Trd, 004537.380, 104.0
Trd, 004538.200, 115
Trd, 004540.840, 111
Trd, 004550.180, 117
Trd, 004551.820, 112
Trd, 004565.760, 113
Trd, 004565.860, 145.0
Trd, 004565.880, 113
Trd, 004566.300, 104.0
Trd, 004566.660, 101
Trd, 004566.800, 108
Trd, 004567.360, 103
Trd, 004567.840, 102
Trd, 004568.060, 105
Trd, 004568.120, 106
Trd, 004595.420, 98
Trd, 004595.900, 105
Trd, 004596.080, 104.0
Trd, 004596.420, 102
Trd, 004596.520, 102
Trd, 004596.600, 102
Trd, 004597.280, 103
Trd, 004597.400, 101
Trd, 004599.580, 101
Trd, 004600.040, 102
Trd, 004604.960, 117
Trd, 004610.280, 121
Trd, 004621.460, 95.0
Trd, 004625.820, 145.0
Trd, 004625.980, 101
Trd, 004626.040, 104.0
Trd, 004626.620, 106
Trd, 004627.480, 108
Trd, 004627.860, 105.0
Trd, 004629.080, 108
Trd, 004630.520, 107
Trd, 004632.580, 107
Trd, 004634.620, 107
Trd, 004655.760, 145.0
Trd, 004655.960, 104.0
Trd, 004656.260, 101
Trd, 004656.440, 96
Trd, 004656.760, 97
Trd, 004657.200, 97
Trd, 004657.500, 98
Trd, 004657.620, 98
Trd, 004658.880, 97.0
Trd, 004673.080, 113
Trd, 004677.240, 113
Trd, 004685.880, 112
Trd, 004686.080, 117
Trd, 004686.100, 118
Trd, 004686.180, 111
Trd, 004686.660, 100
Trd, 004686.840, 104.0
Trd, 004687.140, 98
Trd, 004687.800, 108
Trd, 004688.080, 116
Trd, 004689.200, 99
Trd, 004689.800, 105
Trd, 004691.760, 99
Trd, 004705.840, 110
Trd, 004715.780, 70.0
Trd, 004716.020, 104.0
Trd, 004717.180, 116.0
Trd, 004717.400, 112
Trd, 004721.440, 127
Trd, 004722.460, 126
Trd, 004722.980, 119
Trd, 004729.440, 107
Trd, 004737.360, 106
Trd, 004737.860, 107
Trd, 004745.900, 145.0
Trd, 004746.080, 144
Trd, 004746.500, 120
Trd, 004747.660, 119
Trd, 004747.740, 115
Trd, 004749.260, 115
Trd, 004750.660, 104.0
Trd, 004753.420, 117
Trd, 004754.140, 111
Trd, 004759.480, 111
Trd, 004769.840, 99
Trd, 004775.920, 111
Trd, 004776.440, 104.0
Trd, 004776.560, 116
Trd, 004776.600, 100
Trd, 004776.880, 95.0
Trd, 004776.900, 90
Trd, 004777.380, 80
Trd, 004777.620, 100
Trd, 004779.800, 96
Trd, 004780.880, 97
Trd, 004781.520, 97
Trd, 004783.280, 106
Trd, 004786.500, 109
Trd, 004805.860, 141.0
Trd, 004806.280, 114
Trd, 004806.580, 68
Trd, 004806.600, 99
Trd, 004806.660, 100
Trd, 004807.080, 100
Trd, 004807.100, 104.0
Trd, 004807.580, 91.0
Trd, 004808.840, 97
Trd, 004809.620, 98
Trd, 004820.120, 112
Trd, 004821.220, 112
Trd, 004836.000, 69.0
Trd, 004836.020, 70.0
Trd, 004836.140, 109
Trd, 004836.340, 100
Trd, 004836.960, 100
Trd, 004837.480, 104.0
Trd, 004837.700, 133.0
Trd, 004838.360, 101
Trd, 004842.580, 111
Trd, 004842.720, 120
Trd, 004843.400, 118
Trd, 004844.540, 110
Trd, 004866.260, 116
Trd, 004866.340, 108
Trd, 004866.480, 105
Trd, 004867.020, 104
Trd, 004867.660, 106
Trd, 004868.820, 105
Trd, 004869.680, 106
Trd, 004870.400, 107
Trd, 004872.740, 106
Trd, 004878.780, 116
Trd, 004886.120, 114
Trd, 004896.100, 108
Trd, 004896.440, 70.0
Trd, 004896.540, 75.0
Trd, 004896.680, 81
Trd, 004896.780, 97
Trd, 004897.240, 100
Trd, 004897.600, 101
Trd, 004897.940, 100
Trd, 004898.300, 95.0
Trd, 004899.220, 104.0
Trd, 004900.040, 117
Trd, 004906.180, 94
Trd, 004926.420, 101
Trd, 004926.520, 103
Trd, 004926.880, 103
Trd, 004927.560, 102
Trd, 004927.700, 101
Trd, 004928.160, 104
Trd, 004928.420, 102
Trd, 004928.620, 104
Trd, 004930.980, 104.0
Trd, 004934.780, 106
Trd, 004940.460, 99
Trd, 004942.080, 95.0
Trd, 004946.520, 117
Trd, 004955.940, 141.0
Trd, 004956.180, 70.0
Trd, 004956.360, 75.0
Trd, 004956.620, 74
Trd, 004957.320, 101
Trd, 004957.400, 102
Trd, 004957.740, 100
Trd, 004958.440, 101
Trd, 004960.220, 100
Trd, 004962.260, 100
Trd, 004962.380, 104.0
Trd, 004974.480, 99
Trd, 004980.480, 96
Trd, 004985.960, 101
Trd, 004986.000, 75.0
Trd, 004986.360, 103
Trd, 004986.800, 145.0
Trd, 004987.320, 88.0
Trd, 004988.560, 104.0
Trd, 004990.160, 126
Trd, 004993.640, 117
Trd, 004995.740, 117
Trd, 004995.860, 120
Trd, 004998.620, 116.0
