Trd, 000030.050, 132.0
Trd, 000030.140, 164.0
Trd, 000030.150, 151
Trd, 000030.190, 138
Trd, 000030.210, 192.0
Trd, 000030.310, 166.0
Trd, 000030.460, 161
Trd, 000030.600, 142.0
Trd, 000030.690, 159.0
Trd, 000030.710, 140
Trd, 000030.860, 153.0
Trd, 000030.940, 138.0
Trd, 000030.970, 162
Trd, 000031.470, 169
Trd, 000031.490, 167
Trd, 000031.560, 148
Trd, 000031.800, 148
Trd, 000031.840, 151
Trd, 000031.990, 159
Trd, 000032.200, 160
Trd, 000032.270, 147
Trd, 000033.740, 159
Trd, 000036.440, 160
Trd, 000037.260, 175
Trd, 000043.650, 162
Trd, 000060.030, 98.0
Trd, 000060.100, 119.0
Trd, 000060.310, 156.0
Trd, 000060.610, 145.0
Trd, 000061.010, 141
Trd, 000061.060, 142.0
Trd, 000061.170, 138
Trd, 000061.330, 159.0
Trd, 000061.480, 165.0
Trd, 000061.860, 160
Trd, 000061.970, 164
Trd, 000062.580, 166
Trd, 000062.810, 165
Trd, 000063.380, 164.0
Trd, 000064.280, 166
Trd, 000064.800, 166
Trd, 000065.610, 164
Trd, 000066.250, 165
Trd, 000066.630, 163
Trd, 000066.890, 164
Trd, 000074.830, 163
Trd, 000075.820, 165
Trd, 000078.820, 171
Trd, 000090.190, 163
Trd, 000090.360, 162
Trd, 000090.370, 142.0
Trd, 000090.400, 165
Trd, 000090.460, 153
Trd, 000090.560, 156.0
Trd, 000090.610, 164
Trd, 000090.660, 164
Trd, 000090.740, 144
Trd, 000090.980, 166.0
Trd, 000091.320, 154
Trd, 000091.490, 163
Trd, 000091.800, 153
Trd, 000091.960, 150
Trd, 000092.050, 147
Trd, 000092.160, 146
Trd, 000094.460, 151
Trd, 000094.570, 152
Trd, 000095.220, 155
Trd, 000096.270, 149
Trd, 000097.510, 159.0
Trd, 000103.260, 150
Trd, 000104.490, 174
Trd, 000104.590, 188
Trd, 000104.700, 145.0
Trd, 000107.400, 183
Trd, 000111.780, 139.0
Trd, 000120.130, 157
Trd, 000120.290, 163
Trd, 000120.550, 164.0
Trd, 000120.660, 180
Trd, 000120.800, 158
Trd, 000120.830, 171
Trd, 000120.990, 164
Trd, 000121.010, 156
Trd, 000121.070, 155.0
Trd, 000121.460, 155
Trd, 000121.590, 150
Trd, 000121.810, 158.0
Trd, 000121.930, 165
Trd, 000123.840, 160
Trd, 000125.020, 160
Trd, 000125.120, 160
Trd, 000128.720, 160
Trd, 000131.820, 157
Trd, 000132.200, 166.0
Trd, 000134.400, 176
Trd, 000136.110, 158
Trd, 000139.720, 157
Trd, 000150.200, 161
Trd, 000150.350, 151
Trd, 000150.390, 154.0
Trd, 000150.450, 167.0
Trd, 000150.500, 169
Trd, 000150.540, 149
Trd, 000150.610, 162
Trd, 000150.730, 144
Trd, 000150.810, 151
Trd, 000150.920, 154.0
Trd, 000151.070, 160
Trd, 000151.290, 148
Trd, 000152.500, 154
Trd, 000152.820, 157
Trd, 000152.840, 150
Trd, 000153.220, 152
Trd, 000154.130, 152
Trd, 000155.140, 156
Trd, 000156.470, 156
Trd, 000157.980, 160.0
Trd, 000158.660, 175
Trd, 000164.050, 156
Trd, 000168.400, 155
Trd, 000180.110, 165
Trd, 000180.160, 201.0
Trd, 000180.550, 177.0
Trd, 000180.570, 168
Trd, 000180.620, 195.0
Trd, 000180.880, 168
Trd, 000180.930, 167
Trd, 000181.520, 168
Trd, 000181.660, 166.0
Trd, 000181.720, 160
Trd, 000182.090, 164
Trd, 000182.270, 158
Trd, 000182.340, 164
Trd, 000182.930, 162
Trd, 000183.050, 155.0
Trd, 000183.140, 161
Trd, 000183.440, 162
Trd, 000183.630, 167
Trd, 000183.950, 151
Trd, 000184.310, 150
Trd, 000184.360, 171
Trd, 000185.210, 174
Trd, 000185.700, 187
Trd, 000186.090, 144
Trd, 000193.470, 143.0
Trd, 000210.150, 164
Trd, 000210.260, 184
Trd, 000210.570, 201.0
Trd, 000210.740, 196.0
Trd, 000210.950, 192.0
Trd, 000211.230, 174
Trd, 000211.260, 171
Trd, 000211.380, 167
Trd, 000211.450, 165.0
Trd, 000211.460, 160
Trd, 000211.950, 177
Trd, 000212.020, 176.0
Trd, 000212.950, 185
Trd, 000213.640, 177
Trd, 000214.890, 158
Trd, 000216.850, 176
Trd, 000219.810, 179
Trd, 000228.310, 171
Trd, 000231.760, 156.0
Trd, 000240.240, 177.0
Trd, 000240.280, 166
Trd, 000240.320, 159
Trd, 000240.380, 165.0
Trd, 000240.490, 150
Trd, 000240.900, 154.0
Trd, 000241.020, 146
Trd, 000241.080, 155
Trd, 000241.240, 151
Trd, 000241.340, 155
Trd, 000241.380, 155
Trd, 000242.020, 153
Trd, 000242.360, 153
Trd, 000242.420, 152
Trd, 000243.050, 153
Trd, 000243.360, 153
Trd, 000243.680, 150
Trd, 000244.000, 149
Trd, 000246.720, 152
Trd, 000247.550, 160.0
Trd, 000247.910, 150
Trd, 000249.770, 159
Trd, 000251.180, 165.0
Trd, 000270.230, 91
Trd, 000270.240, 96.0
Trd, 000270.300, 137.0
Trd, 000270.320, 154
Trd, 000270.720, 158.0
Trd, 000270.750, 166.0
Trd, 000270.840, 145
Trd, 000270.980, 131.0
Trd, 000271.040, 167
Trd, 000271.080, 173
Trd, 000271.310, 192.0
Trd, 000271.320, 170
Trd, 000271.500, 157
Trd, 000272.090, 182
Trd, 000272.680, 169
Trd, 000273.080, 167
Trd, 000274.120, 162
Trd, 000277.440, 166
Trd, 000282.250, 166
Trd, 000282.340, 166
Trd, 000285.890, 166
Trd, 000299.740, 164
Trd, 000300.260, 164.0
Trd, 000300.310, 165.0
Trd, 000300.410, 166
Trd, 000300.430, 173
Trd, 000300.500, 159.0
Trd, 000300.650, 164
Trd, 000300.690, 156.0
Trd, 000301.050, 152
Trd, 000301.130, 143.0
Trd, 000301.220, 149
Trd, 000301.450, 150
Trd, 000301.540, 153
Trd, 000301.630, 151
Trd, 000301.810, 146
Trd, 000301.950, 145
Trd, 000302.250, 143.0
Trd, 000302.340, 156
Trd, 000302.560, 145
Trd, 000302.680, 150
Trd, 000302.850, 143
Trd, 000302.880, 171
Trd, 000304.080, 173
Trd, 000308.480, 165
Trd, 000319.880, 155
Trd, 000330.240, 98.0
Trd, 000330.460, 193.0
Trd, 000330.480, 173
Trd, 000330.580, 168
Trd, 000330.840, 194.0
Trd, 000331.050, 201.0
Trd, 000331.320, 179
Trd, 000332.540, 179
Trd, 000332.810, 178
Trd, 000333.100, 164
Trd, 000333.690, 166
Trd, 000333.950, 164.0
Trd, 000336.540, 162
Trd, 000336.690, 161
Trd, 000339.550, 176
Trd, 000341.150, 167
Trd, 000341.930, 162
Trd, 000342.410, 160
Trd, 000344.940, 159
Trd, 000345.010, 157
Trd, 000345.600, 161
Trd, 000351.300, 155.0
Trd, 000354.030, 160
Trd, 000360.210, 162
Trd, 000360.280, 83.0
Trd, 000360.290, 142.0
Trd, 000360.550, 120.0
Trd, 000360.640, 130.0
Trd, 000360.660, 116
Trd, 000360.690, 167.0
Trd, 000360.870, 177
Trd, 000360.970, 161
Trd, 000361.220, 155.0
Trd, 000361.420, 192.0
Trd, 000361.550, 160
Trd, 000361.690, 146
Trd, 000361.860, 160.0
Trd, 000361.940, 164
Trd, 000362.450, 161
Trd, 000362.740, 164
Trd, 000363.560, 165
Trd, 000363.600, 170
Trd, 000372.490, 166
Trd, 000374.960, 165
Trd, 000380.380, 169
Trd, 000382.670, 171
Trd, 000390.240, 143.0
Trd, 000390.330, 145.0
Trd, 000390.450, 192.0
Trd, 000390.460, 137.0
Trd, 000390.650, 155.0
Trd, 000390.800, 154
Trd, 000390.820, 145
Trd, 000390.930, 155
Trd, 000391.830, 159.0
Trd, 000392.200, 156.0
Trd, 000392.310, 155
Trd, 000392.490, 167.0
Trd, 000393.830, 178.0
Trd, 000400.070, 175
Trd, 000402.220, 171
Trd, 000402.290, 176
Trd, 000403.340, 177
Trd, 000408.340, 174
Trd, 000411.080, 172
Trd, 000413.600, 170
Trd, 000420.310, 194.0
Trd, 000420.330, 192.0
Trd, 000420.400, 166.0
Trd, 000420.540, 183
Trd, 000420.580, 174
Trd, 000420.880, 156.0
Trd, 000420.910, 154
Trd, 000421.050, 158.0
Trd, 000421.090, 155
Trd, 000421.220, 146
Trd, 000422.000, 152
Trd, 000423.490, 155
Trd, 000423.760, 154
Trd, 000424.070, 154
Trd, 000424.160, 156
Trd, 000425.390, 156
Trd, 000425.670, 167.0
Trd, 000425.720, 169
Trd, 000428.300, 152
Trd, 000433.730, 159
Trd, 000435.100, 156
Trd, 000436.810, 150
Trd, 000437.580, 145.0
Trd, 000440.270, 164
Trd, 000445.840, 153
Trd, 000450.360, 145
Trd, 000450.450, 158
Trd, 000450.470, 136.0
Trd, 000450.540, 164
Trd, 000450.630, 154
Trd, 000450.750, 166.0
Trd, 000450.780, 146
Trd, 000450.890, 166
Trd, 000451.130, 166
Trd, 000451.140, 169
Trd, 000451.230, 177.0
Trd, 000451.310, 167
Trd, 000451.610, 158.0
Trd, 000451.980, 162
Trd, 000452.150, 164
Trd, 000453.170, 164
Trd, 000454.110, 164
Trd, 000454.590, 163
Trd, 000456.410, 163
Trd, 000456.770, 154.0
Trd, 000456.790, 164
Trd, 000457.910, 158
Trd, 000480.320, 165
Trd, 000480.360, 194.0
Trd, 000480.600, 166
Trd, 000480.780, 159
Trd, 000480.880, 159.0
Trd, 000481.020, 160
Trd, 000481.230, 161
Trd, 000481.270, 162
Trd, 000481.330, 160
Trd, 000481.370, 156.0
Trd, 000481.470, 149
Trd, 000481.740, 158
Trd, 000481.780, 159
Trd, 000482.070, 160
Trd, 000482.310, 164
Trd, 000483.120, 154
Trd, 000484.950, 163
Trd, 000486.210, 163
Trd, 000487.160, 158
Trd, 000487.350, 165
Trd, 000488.740, 165.0
Trd, 000490.930, 146
Trd, 000498.530, 170
Trd, 000507.990, 181
Trd, 000510.360, 166.0
Trd, 000510.400, 192.0
Trd, 000510.460, 170
Trd, 000510.670, 173
Trd, 000510.790, 176
Trd, 000510.800, 176
Trd, 000510.840, 165
Trd, 000510.920, 160
Trd, 000511.020, 159
Trd, 000511.180, 166
Trd, 000511.330, 155.0
Trd, 000511.450, 164
Trd, 000511.530, 149
Trd, 000511.780, 159
Trd, 000511.850, 145.0
Trd, 000512.320, 155
Trd, 000512.740, 155
Trd, 000513.040, 154
Trd, 000513.710, 154
Trd, 000515.280, 158
Trd, 000516.520, 165.0
Trd, 000518.120, 153
Trd, 000523.170, 171
Trd, 000527.460, 158
Trd, 000540.380, 174
Trd, 000540.420, 170
Trd, 000540.430, 170
Trd, 000540.470, 167
Trd, 000540.820, 165
Trd, 000540.830, 163
Trd, 000540.930, 160
Trd, 000540.990, 158
Trd, 000541.060, 166
Trd, 000541.150, 166.0
Trd, 000541.200, 154.0
Trd, 000541.460, 159.0
Trd, 000542.170, 156
Trd, 000542.250, 155
Trd, 000542.350, 157
Trd, 000542.610, 154
Trd, 000542.850, 150
Trd, 000543.190, 154
Trd, 000543.290, 144
Trd, 000543.510, 158
Trd, 000544.630, 148
Trd, 000546.580, 148
Trd, 000549.990, 144
Trd, 000556.050, 143.0
Trd, 000562.040, 190
Trd, 000570.420, 166.0
Trd, 000570.550, 169
Trd, 000570.690, 143.0
Trd, 000570.790, 164
Trd, 000570.860, 156.0
Trd, 000570.870, 154
Trd, 000570.980, 143
Trd, 000571.280, 149
Trd, 000571.380, 148
Trd, 000571.770, 156
Trd, 000571.850, 152
Trd, 000572.160, 156
Trd, 000572.960, 154
Trd, 000573.150, 155
Trd, 000573.160, 155
Trd, 000574.560, 152
Trd, 000574.760, 154.0
Trd, 000576.610, 156
Trd, 000578.020, 159.0
Trd, 000579.710, 164
Trd, 000580.200, 165.0
Trd, 000580.240, 155
Trd, 000585.660, 157
Trd, 000592.250, 175
Trd, 000592.870, 167
Trd, 000594.870, 145
Trd, 000600.560, 159
Trd, 000600.610, 158
Trd, 000600.650, 167
Trd, 000600.720, 157
Trd, 000600.860, 167.0
Trd, 000600.920, 156
Trd, 000600.970, 156
Trd, 000601.030, 199.0
Trd, 000601.280, 156
Trd, 000601.360, 155.0
Trd, 000601.540, 144
Trd, 000601.850, 159.0
Trd, 000601.910, 174
Trd, 000602.020, 156
Trd, 000602.250, 170
Trd, 000602.710, 164.0
Trd, 000603.030, 166
Trd, 000603.320, 166
Trd, 000604.090, 168
Trd, 000604.350, 173
Trd, 000605.120, 161
Trd, 000606.310, 169
Trd, 000607.900, 177
Trd, 000608.910, 150
Trd, 000620.020, 144
Trd, 000630.410, 156
Trd, 000630.550, 135.0
Trd, 000630.620, 143.0
Trd, 000630.650, 159.0
Trd, 000630.800, 154
Trd, 000630.820, 161
Trd, 000631.000, 199.0
Trd, 000631.050, 177.0
Trd, 000631.120, 165.0
Trd, 000631.360, 156
Trd, 000631.610, 193
Trd, 000631.940, 163
Trd, 000633.300, 175
Trd, 000633.440, 186
Trd, 000634.600, 171
Trd, 000635.540, 183
Trd, 000636.350, 159
Trd, 000639.300, 163
Trd, 000640.450, 161
Trd, 000640.850, 163
Trd, 000642.360, 156
Trd, 000646.160, 161
Trd, 000646.350, 151
Trd, 000650.340, 160
Trd, 000660.570, 144.0
Trd, 000660.600, 143.0
Trd, 000660.640, 153
Trd, 000660.650, 130
Trd, 000660.710, 154.0
Trd, 000660.820, 156
Trd, 000661.210, 201.0
Trd, 000661.550, 194.0
Trd, 000662.090, 179
Trd, 000662.670, 177.0
Trd, 000663.360, 174
Trd, 000663.530, 174
Trd, 000663.590, 186
Trd, 000663.970, 176
Trd, 000665.690, 172
Trd, 000667.560, 173
Trd, 000669.370, 169
Trd, 000672.290, 180
Trd, 000677.040, 166.0
Trd, 000682.140, 161
Trd, 000689.160, 156
Trd, 000690.470, 160
Trd, 000690.500, 142.0
Trd, 000690.610, 134.0
Trd, 000690.620, 135.0
Trd, 000690.710, 140
Trd, 000690.800, 139.0
Trd, 000690.850, 114
Trd, 000690.900, 110
Trd, 000691.020, 129
Trd, 000691.130, 130
Trd, 000691.250, 131
Trd, 000691.510, 132.0
Trd, 000691.870, 137
Trd, 000691.940, 137
Trd, 000692.440, 155.0
Trd, 000692.590, 158
Trd, 000694.720, 150
Trd, 000696.390, 160.0
Trd, 000696.750, 153
Trd, 000697.680, 154
Trd, 000699.650, 153
Trd, 000699.930, 167.0
Trd, 000709.790, 160
Trd, 000710.210, 159
Trd, 000713.190, 174
Trd, 000716.820, 158
Trd, 000720.450, 159
Trd, 000720.540, 159
Trd, 000720.600, 137.0
Trd, 000720.740, 161
Trd, 000720.970, 162
Trd, 000721.000, 165
Trd, 000721.030, 156.0
Trd, 000721.160, 159.0
Trd, 000721.330, 156
Trd, 000721.490, 164
Trd, 000721.780, 155
Trd, 000721.800, 165
Trd, 000722.000, 166
Trd, 000722.710, 164
Trd, 000722.890, 166
Trd, 000723.370, 165
Trd, 000723.430, 158
Trd, 000726.890, 165
Trd, 000727.050, 158
Trd, 000727.170, 167.0
Trd, 000727.630, 175
Trd, 000729.680, 157
Trd, 000731.050, 165
Trd, 000750.660, 172
Trd, 000750.710, 160
Trd, 000750.770, 156.0
Trd, 000750.890, 145.0
Trd, 000750.990, 144
Trd, 000751.210, 162
Trd, 000751.370, 149
Trd, 000751.400, 158
Trd, 000751.510, 154.0
Trd, 000751.540, 142.0
Trd, 000751.640, 141
Trd, 000751.820, 154
Trd, 000751.890, 148
Trd, 000752.850, 155
Trd, 000753.110, 154
Trd, 000755.020, 155
Trd, 000755.420, 153
Trd, 000755.550, 157
Trd, 000756.720, 151
Trd, 000756.950, 167.0
Trd, 000759.860, 175
Trd, 000762.440, 166
Trd, 000763.040, 159
Trd, 000772.500, 160
Trd, 000780.500, 169
Trd, 000780.620, 139.0
Trd, 000780.660, 138
Trd, 000780.680, 153.0
Trd, 000780.700, 155
Trd, 000780.900, 149
Trd, 000780.920, 156
Trd, 000781.010, 137.0
Trd, 000781.220, 134.0
Trd, 000781.460, 137
Trd, 000781.490, 138
Trd, 000781.640, 155.0
Trd, 000781.690, 171
Trd, 000782.890, 156
Trd, 000782.900, 158.0
Trd, 000783.280, 149
Trd, 000783.340, 159
Trd, 000783.980, 167.0
Trd, 000784.570, 152
Trd, 000784.970, 150
Trd, 000786.910, 168
Trd, 000787.550, 174
Trd, 000791.140, 177
Trd, 000793.890, 175
Trd, 000805.340, 188
Trd, 000810.670, 177.0
Trd, 000810.750, 160
Trd, 000810.760, 143
Trd, 000811.280, 162
Trd, 000811.400, 162
Trd, 000811.640, 161
Trd, 000811.800, 164.0
Trd, 000811.960, 162
Trd, 000812.350, 160
Trd, 000812.520, 164
Trd, 000813.020, 164
Trd, 000813.070, 158
Trd, 000813.420, 156.0
Trd, 000813.740, 155
Trd, 000813.790, 160
Trd, 000815.110, 157
Trd, 000815.320, 156
Trd, 000815.670, 157
Trd, 000817.220, 156
Trd, 000818.520, 158
Trd, 000819.250, 165.0
Trd, 000821.110, 150
Trd, 000823.500, 145.0
Trd, 000827.290, 154
Trd, 000838.780, 152
Trd, 000840.590, 129
Trd, 000840.630, 150
Trd, 000840.640, 154
Trd, 000840.690, 153
Trd, 000840.720, 152
Trd, 000840.740, 174
Trd, 000840.760, 196.0
Trd, 000840.780, 155
Trd, 000840.830, 167.0
Trd, 000841.030, 201.0
Trd, 000841.140, 151
Trd, 000841.290, 151
Trd, 000841.560, 150
Trd, 000841.720, 144.0
Trd, 000842.050, 153.0
Trd, 000842.940, 159.0
Trd, 000843.710, 147
Trd, 000845.090, 155.0
Trd, 000845.650, 155
Trd, 000847.200, 153
Trd, 000847.890, 156
Trd, 000847.990, 157
Trd, 000854.100, 157
Trd, 000856.030, 151
Trd, 000870.680, 135
Trd, 000870.790, 154
Trd, 000870.920, 158
Trd, 000870.960, 154.0
Trd, 000870.980, 153
Trd, 000871.060, 153.0
Trd, 000871.200, 158.0
Trd, 000871.220, 151
Trd, 000871.360, 152
Trd, 000871.610, 149
Trd, 000871.880, 157
Trd, 000872.150, 149
Trd, 000872.560, 155
Trd, 000872.690, 150
Trd, 000872.750, 157
Trd, 000872.840, 147
Trd, 000873.270, 158
Trd, 000875.270, 153
Trd, 000875.630, 152
Trd, 000876.500, 145.0
Trd, 000877.150, 153
Trd, 000879.820, 167.0
Trd, 000881.160, 174
Trd, 000884.840, 157
Trd, 000890.510, 158
Trd, 000900.670, 196.0
Trd, 000900.770, 104
Trd, 000900.990, 143.0
Trd, 000901.180, 144
Trd, 000901.310, 141.0
Trd, 000901.420, 131
Trd, 000901.480, 148
Trd, 000901.630, 151
Trd, 000902.080, 153
Trd, 000902.580, 153
Trd, 000902.850, 149
Trd, 000902.860, 154.0
Trd, 000903.440, 150
Trd, 000903.450, 153
Trd, 000904.560, 154
Trd, 000905.340, 153
Trd, 000906.840, 151
Trd, 000908.170, 156
Trd, 000908.390, 159.0
Trd, 000912.610, 151
Trd, 000912.720, 165.0
Trd, 000921.820, 151
Trd, 000926.320, 159
Trd, 000929.460, 159
Trd, 000930.650, 145
Trd, 000930.710, 157
Trd, 000930.760, 155.0
Trd, 000930.770, 137.0
Trd, 000930.820, 154
Trd, 000930.930, 155
Trd, 000931.540, 154
Trd, 000931.580, 152
Trd, 000931.590, 151
Trd, 000931.730, 155
Trd, 000931.890, 156
Trd, 000931.950, 157
Trd, 000931.990, 150
Trd, 000932.050, 158.0
Trd, 000932.240, 150
Trd, 000932.290, 145
Trd, 000932.440, 146
Trd, 000933.110, 157
Trd, 000933.370, 167.0
Trd, 000933.490, 164
Trd, 000934.160, 175
Trd, 000936.030, 171
Trd, 000937.800, 168
Trd, 000947.390, 156.0
Trd, 000949.920, 167
Trd, 000960.080, 154
Trd, 000960.610, 166
Trd, 000960.700, 170
Trd, 000960.730, 155
Trd, 000960.820, 129
Trd, 000960.880, 131
Trd, 000960.920, 114
Trd, 000960.960, 180
Trd, 000961.040, 158
Trd, 000961.150, 158
Trd, 000961.170, 146
Trd, 000961.370, 149
Trd, 000961.420, 149
Trd, 000961.670, 149
Trd, 000961.810, 155
Trd, 000961.850, 155
Trd, 000961.890, 149
Trd, 000961.930, 167.0
Trd, 000961.970, 141.0
Trd, 000962.600, 159.0
Trd, 000962.690, 159
Trd, 000965.240, 158
Trd, 000965.770, 156
Trd, 000970.110, 154.0
Trd, 000971.740, 176
Trd, 000975.620, 158
Trd, 000981.140, 171
Trd, 000990.680, 155.0
Trd, 000990.710, 137.0
Trd, 000990.870, 161
Trd, 000991.000, 163
Trd, 000991.420, 154
Trd, 000991.480, 153
Trd, 000991.530, 159
Trd, 000991.570, 160.0
Trd, 000991.680, 158
Trd, 000991.970, 155
Trd, 000992.180, 152
Trd, 000992.190, 158
Trd, 000993.470, 159
Trd, 000994.360, 155
Trd, 000994.490, 154
Trd, 000994.570, 156
Trd, 000995.030, 157
Trd, 000995.750, 158
Trd, 000996.090, 153
Trd, 000996.260, 150
Trd, 000999.470, 155
Trd, 001003.970, 167.0
Trd, 001004.010, 169
Trd, 001007.760, 144.0
Trd, 001017.510, 173
Trd, 001020.670, 98.0
Trd, 001020.680, 131.0
Trd, 001020.710, 144.0
Trd, 001020.750, 195.0
Trd, 001020.960, 153.0
Trd, 001021.060, 143
Trd, 001021.070, 140
Trd, 001021.610, 176.0
Trd, 001021.900, 168
Trd, 001022.120, 200.0
Trd, 001022.490, 176
Trd, 001024.630, 178
Trd, 001024.790, 176
Trd, 001029.120, 174
Trd, 001029.780, 162
Trd, 001030.640, 181
Trd, 001039.480, 172
Trd, 001039.860, 173
Trd, 001043.370, 161
Trd, 001044.410, 160
Trd, 001046.160, 159
Trd, 001049.600, 159
Trd, 001050.700, 166.0
Trd, 001050.810, 127
Trd, 001050.860, 149
Trd, 001050.990, 147
Trd, 001051.130, 138.0
Trd, 001051.220, 142.0
Trd, 001051.300, 148
Trd, 001051.470, 150
Trd, 001051.530, 145
Trd, 001051.600, 153
Trd, 001051.630, 162
Trd, 001052.350, 160
Trd, 001052.670, 156.0
Trd, 001052.910, 150
Trd, 001052.960, 150
Trd, 001053.470, 150
Trd, 001054.310, 151
Trd, 001054.940, 154.0
Trd, 001056.710, 152
Trd, 001057.670, 153
Trd, 001061.350, 158
Trd, 001067.120, 159
Trd, 001069.470, 152
Trd, 001069.830, 166.0
Trd, 001070.700, 175
Trd, 001080.830, 145.0
Trd, 001080.860, 143
Trd, 001081.030, 142
Trd, 001081.130, 152
Trd, 001081.140, 152
Trd, 001081.150, 160
Trd, 001081.170, 160.0
Trd, 001081.180, 150
Trd, 001081.340, 192.0
Trd, 001081.430, 177.0
Trd, 001081.450, 157
Trd, 001081.650, 169
Trd, 001081.870, 164.0
Trd, 001082.140, 162
Trd, 001083.420, 165
Trd, 001083.990, 164
Trd, 001084.150, 164
Trd, 001085.680, 165
Trd, 001085.820, 164
Trd, 001090.830, 166
Trd, 001094.650, 167
Trd, 001094.980, 168
Trd, 001097.480, 161
Trd, 001099.320, 160
Trd, 001100.680, 151
Trd, 001101.390, 141.0
Trd, 001110.760, 193.0
Trd, 001110.840, 165.0
Trd, 001110.890, 154.0
Trd, 001110.900, 177
Trd, 001110.980, 143.0
Trd, 001111.040, 171
Trd, 001111.150, 178.0
Trd, 001111.160, 138.0
Trd, 001111.360, 165
Trd, 001111.500, 171
Trd, 001111.630, 153
Trd, 001111.990, 152
Trd, 001112.050, 150
Trd, 001112.380, 154
Trd, 001112.870, 158
Trd, 001113.650, 156
Trd, 001115.550, 156
Trd, 001115.640, 156
Trd, 001115.770, 155
Trd, 001116.010, 156
Trd, 001120.510, 157
Trd, 001127.290, 160.0
Trd, 001139.690, 155
Trd, 001140.770, 167
Trd, 001140.900, 155.0
Trd, 001140.910, 132
Trd, 001140.920, 163
Trd, 001141.000, 200.0
Trd, 001141.170, 164.0
Trd, 001141.220, 142.0
Trd, 001141.250, 141
Trd, 001141.510, 138.0
Trd, 001141.590, 137.0
Trd, 001141.830, 141
Trd, 001141.930, 142
Trd, 001141.980, 145
Trd, 001142.010, 155
Trd, 001142.150, 148
Trd, 001142.230, 166.0
Trd, 001142.810, 147
Trd, 001143.100, 147
Trd, 001143.610, 148
Trd, 001143.830, 146
Trd, 001144.990, 153.0
Trd, 001147.320, 153
Trd, 001155.410, 176
Trd, 001158.360, 166
Trd, 001159.700, 165
Trd, 001165.550, 158
Trd, 001166.850, 149
Trd, 001170.780, 148
Trd, 001170.860, 162
Trd, 001171.000, 155.0
Trd, 001171.420, 143.0
Trd, 001171.500, 154
Trd, 001171.590, 152
Trd, 001171.650, 156
Trd, 001171.930, 156
Trd, 001171.940, 140
Trd, 001172.000, 160.0
Trd, 001172.150, 138.0
Trd, 001172.330, 137.0
Trd, 001172.390, 162
Trd, 001172.460, 158
Trd, 001172.900, 154
Trd, 001173.300, 162
Trd, 001173.450, 163
Trd, 001175.930, 154
Trd, 001175.970, 161
Trd, 001176.790, 153
Trd, 001185.750, 159
Trd, 001189.720, 165
Trd, 001191.830, 167.0
Trd, 001200.860, 167
Trd, 001200.920, 164.0
Trd, 001200.970, 177.0
Trd, 001201.160, 199.0
Trd, 001201.260, 192.0
Trd, 001201.290, 181
Trd, 001201.400, 179
Trd, 001201.460, 184
Trd, 001201.470, 167
Trd, 001201.500, 163
Trd, 001201.640, 160
Trd, 001201.670, 150
Trd, 001201.760, 154
Trd, 001202.040, 167
Trd, 001202.150, 155.0
Trd, 001202.640, 154
Trd, 001202.670, 154
Trd, 001202.750, 157
Trd, 001202.960, 167.0
Trd, 001203.120, 169
Trd, 001211.560, 158
Trd, 001230.860, 159
Trd, 001230.890, 176.0
Trd, 001230.920, 144.0
Trd, 001230.940, 166
Trd, 001231.220, 159.0
Trd, 001231.260, 155
Trd, 001231.270, 165
Trd, 001231.630, 192.0
Trd, 001231.770, 183
Trd, 001231.930, 165.0
Trd, 001232.080, 165
Trd, 001232.200, 159
Trd, 001232.600, 171
Trd, 001233.210, 162
Trd, 001233.660, 166.0
Trd, 001234.660, 164
Trd, 001235.930, 174
Trd, 001237.230, 166
Trd, 001241.400, 163
Trd, 001241.650, 168
Trd, 001250.060, 170
Trd, 001251.420, 169
Trd, 001259.640, 162
Trd, 001260.810, 154.0
Trd, 001260.880, 195.0
Trd, 001260.930, 171
Trd, 001260.960, 145.0
Trd, 001261.050, 165.0
Trd, 001261.170, 200.0
Trd, 001261.230, 149
Trd, 001261.270, 124
Trd, 001261.500, 161
Trd, 001261.600, 143
Trd, 001261.860, 177
Trd, 001262.150, 177.0
Trd, 001262.590, 189
Trd, 001263.740, 190
Trd, 001263.860, 192
Trd, 001264.050, 182
Trd, 001273.900, 174
Trd, 001277.330, 169
Trd, 001284.040, 177
Trd, 001284.250, 176
Trd, 001290.450, 168
Trd, 001290.830, 177.0
Trd, 001290.970, 145
Trd, 001291.130, 141.0
Trd, 001291.220, 155.0
Trd, 001291.320, 156
Trd, 001291.330, 143
Trd, 001291.350, 158
Trd, 001291.380, 165
Trd, 001291.540, 164.0
Trd, 001291.760, 156.0
Trd, 001291.950, 153
Trd, 001292.300, 157
Trd, 001292.680, 155
Trd, 001292.960, 157
Trd, 001293.150, 156
Trd, 001293.890, 154
Trd, 001294.290, 159
Trd, 001294.860, 154
Trd, 001297.230, 160
Trd, 001297.340, 153
Trd, 001300.300, 167.0
Trd, 001307.890, 174
Trd, 001310.290, 153
Trd, 001319.190, 174
Trd, 001321.000, 166
Trd, 001321.100, 164
Trd, 001321.110, 164
Trd, 001321.140, 162
Trd, 001321.150, 149
Trd, 001321.570, 161
Trd, 001321.610, 164.0
Trd, 001321.640, 157
Trd, 001321.750, 160
Trd, 001321.990, 154.0
Trd, 001322.110, 150
Trd, 001322.320, 159
Trd, 001323.090, 162
Trd, 001323.280, 155
Trd, 001323.880, 155
Trd, 001324.430, 154
Trd, 001324.540, 156
Trd, 001325.490, 154
Trd, 001325.780, 153
Trd, 001327.620, 158
Trd, 001327.990, 154
Trd, 001330.420, 167.0
Trd, 001330.470, 155
Trd, 001330.650, 145
Trd, 001334.440, 143.0
Trd, 001336.680, 176
Trd, 001344.040, 149
Trd, 001350.620, 141.0
Trd, 001351.090, 126
Trd, 001351.100, 99
Trd, 001351.110, 137.0
Trd, 001351.140, 138
Trd, 001351.260, 133
Trd, 001351.340, 130.0
Trd, 001351.380, 120
Trd, 001351.490, 134
Trd, 001351.600, 133
Trd, 001351.640, 133
Trd, 001351.800, 148
Trd, 001351.850, 152
Trd, 001352.460, 142.0
Trd, 001352.560, 155.0
Trd, 001354.060, 143
Trd, 001354.410, 139
Trd, 001354.420, 156
Trd, 001354.700, 160.0
Trd, 001354.880, 148
Trd, 001355.810, 155
Trd, 001356.780, 164
Trd, 001376.220, 167.0
Trd, 001377.170, 159
Trd, 001377.620, 175
Trd, 001378.880, 159
Trd, 001380.900, 165
Trd, 001380.960, 98.0
Trd, 001381.010, 136.0
Trd, 001381.110, 120.0
Trd, 001381.200, 127
Trd, 001381.220, 125
Trd, 001381.580, 134
Trd, 001381.700, 136.0
Trd, 001382.000, 142.0
Trd, 001382.130, 136
Trd, 001382.160, 143
Trd, 001382.260, 149
Trd, 001382.430, 141
Trd, 001382.480, 133
Trd, 001382.660, 133.0
Trd, 001382.780, 156
Trd, 001383.230, 166.0
Trd, 001383.690, 164.0
Trd, 001383.780, 173
Trd, 001384.140, 159
Trd, 001385.480, 188
Trd, 001387.640, 177
Trd, 001388.620, 167
Trd, 001389.130, 177
Trd, 001397.980, 158
Trd, 001406.450, 169
Trd, 001410.930, 119.0
Trd, 001411.010, 143.0
Trd, 001411.280, 154.0
Trd, 001411.610, 155.0
Trd, 001411.740, 160.0
Trd, 001411.840, 151
Trd, 001411.900, 166.0
Trd, 001411.950, 183
Trd, 001412.460, 166
Trd, 001412.800, 165
Trd, 001412.820, 188
Trd, 001412.980, 165
Trd, 001413.230, 164.0
Trd, 001419.230, 162
Trd, 001421.550, 166
Trd, 001423.300, 164
Trd, 001423.370, 161
Trd, 001423.620, 161
Trd, 001424.430, 164
Trd, 001428.070, 163
Trd, 001435.790, 162
Trd, 001440.100, 162
Trd, 001441.010, 162
Trd, 001441.060, 164
Trd, 001441.070, 162
Trd, 001441.190, 179.0
Trd, 001441.260, 162
Trd, 001441.420, 181
Trd, 001441.430, 162
Trd, 001441.560, 195.0
Trd, 001441.780, 190
Trd, 001441.850, 188
Trd, 001441.940, 181.0
Trd, 001442.020, 176
Trd, 001442.070, 176
Trd, 001442.130, 166
Trd, 001442.250, 162
Trd, 001442.430, 161
Trd, 001442.530, 158
Trd, 001442.870, 167
Trd, 001443.040, 158.0
Trd, 001443.200, 154.0
Trd, 001443.370, 165.0
Trd, 001444.980, 153.0
Trd, 001445.200, 151.0
Trd, 001445.340, 151
Trd, 001446.090, 153
Trd, 001446.490, 153
Trd, 001446.930, 155
Trd, 001449.620, 154
Trd, 001449.790, 155
Trd, 001450.430, 155
Trd, 001450.610, 157
Trd, 001451.060, 150
Trd, 001471.050, 154.0
Trd, 001471.110, 151.0
Trd, 001471.240, 199.0
Trd, 001471.630, 167.0
Trd, 001471.690, 164.0
Trd, 001471.710, 159
Trd, 001471.800, 160
Trd, 001471.880, 158.0
Trd, 001472.290, 172
Trd, 001472.370, 171
Trd, 001472.790, 166
Trd, 001472.840, 165
Trd, 001472.870, 164
Trd, 001472.910, 167
Trd, 001473.090, 164
Trd, 001473.280, 161
Trd, 001473.330, 160
Trd, 001473.380, 162.0
Trd, 001474.080, 159
Trd, 001474.190, 157
Trd, 001474.550, 159
Trd, 001475.190, 158
Trd, 001475.240, 155.0
Trd, 001475.350, 160
Trd, 001477.990, 160
Trd, 001479.430, 155.0
Trd, 001480.370, 158
Trd, 001484.110, 159
Trd, 001485.960, 160
Trd, 001486.440, 152
Trd, 001490.430, 148.0
Trd, 001490.820, 148.0
Trd, 001501.050, 134
Trd, 001501.100, 137
Trd, 001501.220, 131.0
Trd, 001501.300, 128
Trd, 001501.350, 153.0
Trd, 001501.370, 137.0
Trd, 001501.600, 147
Trd, 001501.710, 148.0
Trd, 001501.960, 155.0
Trd, 001502.030, 156.0
Trd, 001502.210, 155
Trd, 001502.230, 159.0
Trd, 001502.280, 154.0
Trd, 001502.510, 153.0
Trd, 001502.570, 154
Trd, 001502.590, 159
Trd, 001502.760, 159
Trd, 001503.090, 158
Trd, 001503.110, 156
Trd, 001503.410, 156
Trd, 001505.480, 156
Trd, 001505.890, 156
Trd, 001507.420, 155
Trd, 001507.730, 156
Trd, 001507.950, 156
Trd, 001508.210, 155
Trd, 001508.810, 158
Trd, 001515.140, 162.0
Trd, 001521.520, 158
Trd, 001527.540, 152
Trd, 001527.630, 166.0
Trd, 001529.280, 169.0
Trd, 001530.990, 157
Trd, 001531.150, 143.0
Trd, 001531.250, 144.0
Trd, 001531.290, 134.0
Trd, 001531.340, 140
Trd, 001531.360, 144.0
Trd, 001531.390, 154.0
Trd, 001531.470, 136
Trd, 001531.710, 150
Trd, 001531.850, 152
Trd, 001531.920, 149
Trd, 001532.000, 160
Trd, 001532.330, 157.0
Trd, 001532.530, 155.0
Trd, 001532.700, 157.0
Trd, 001532.740, 160.0
Trd, 001532.990, 159
Trd, 001533.390, 160.0
Trd, 001533.430, 159
Trd, 001533.690, 160
Trd, 001533.740, 158
Trd, 001533.960, 158
Trd, 001534.170, 158
Trd, 001534.280, 157
Trd, 001534.350, 156
Trd, 001535.030, 167.0
Trd, 001536.040, 156
Trd, 001537.490, 164
Trd, 001538.480, 163
Trd, 001538.660, 170.0
Trd, 001543.110, 160
Trd, 001561.130, 153.0
Trd, 001561.180, 165.0
Trd, 001561.330, 160.0
Trd, 001561.390, 159.0
Trd, 001561.440, 168.0
Trd, 001561.950, 167
Trd, 001561.990, 162
Trd, 001562.170, 169
Trd, 001562.270, 170
Trd, 001562.330, 169
Trd, 001562.340, 172
Trd, 001562.580, 168
Trd, 001562.660, 171
Trd, 001562.710, 167
Trd, 001562.770, 165
Trd, 001562.870, 164
Trd, 001562.920, 158
Trd, 001563.070, 161
Trd, 001563.670, 160
Trd, 001563.780, 156.0
Trd, 001563.970, 155.0
Trd, 001564.800, 157
Trd, 001565.280, 155
Trd, 001565.500, 158
Trd, 001565.540, 157
Trd, 001565.880, 150
Trd, 001569.920, 155
Trd, 001573.730, 154
Trd, 001581.800, 154
Trd, 001586.270, 157
Trd, 001591.150, 155.0
Trd, 001591.180, 157
Trd, 001591.230, 159.0
Trd, 001591.240, 154.0
Trd, 001591.300, 152
Trd, 001591.320, 151.0
Trd, 001591.360, 150
Trd, 001591.370, 154
Trd, 001591.500, 152.0
Trd, 001591.610, 154
Trd, 001591.670, 150
Trd, 001591.760, 153.0
Trd, 001591.830, 152.0
Trd, 001592.100, 151
Trd, 001592.190, 154
Trd, 001592.400, 150
Trd, 001592.460, 154
Trd, 001592.560, 153
Trd, 001592.580, 149
Trd, 001592.760, 148.0
Trd, 001593.040, 157
Trd, 001593.820, 147
Trd, 001595.280, 147.0
Trd, 001596.200, 154
Trd, 001597.200, 157
Trd, 001597.320, 162.0
Trd, 001597.650, 167.0
Trd, 001601.950, 154
Trd, 001608.710, 151
Trd, 001609.680, 170.0
Trd, 001617.020, 173
Trd, 001621.050, 142.0
Trd, 001621.210, 155
Trd, 001621.230, 154
Trd, 001621.380, 139.0
Trd, 001621.410, 144
Trd, 001621.440, 143
Trd, 001621.580, 157.0
Trd, 001621.600, 153
Trd, 001621.620, 160.0
Trd, 001621.790, 160
Trd, 001622.120, 159.0
Trd, 001622.250, 156
Trd, 001622.300, 157.0
Trd, 001622.310, 154.0
Trd, 001622.530, 153
Trd, 001622.580, 150
Trd, 001622.880, 149.0
Trd, 001622.920, 154.0
Trd, 001623.190, 156
Trd, 001624.180, 157
Trd, 001624.320, 154.0
Trd, 001624.540, 154.0
Trd, 001625.220, 155
Trd, 001625.970, 162.0
Trd, 001626.840, 165.0
Trd, 001627.200, 157
Trd, 001627.690, 156
Trd, 001628.860, 170.0
Trd, 001629.210, 175
Trd, 001629.980, 154
Trd, 001631.290, 149.0
Trd, 001650.520, 155
Trd, 001651.130, 168
Trd, 001651.180, 165.0
Trd, 001651.230, 144.0
Trd, 001651.280, 151
Trd, 001651.400, 150
Trd, 001651.540, 150
Trd, 001651.550, 156
Trd, 001651.570, 168
Trd, 001651.710, 158
Trd, 001652.050, 158
Trd, 001652.090, 155.0
Trd, 001652.160, 154
Trd, 001652.320, 152
Trd, 001652.450, 154.0
Trd, 001652.500, 155.0
Trd, 001652.570, 150
Trd, 001652.760, 159
Trd, 001652.900, 151
Trd, 001653.580, 154.0
Trd, 001654.020, 152
Trd, 001654.090, 160.0
Trd, 001654.250, 151
Trd, 001655.380, 155
Trd, 001655.730, 156
Trd, 001657.230, 159
Trd, 001657.760, 152
Trd, 001660.040, 165.0
Trd, 001661.070, 154
Trd, 001665.070, 167
Trd, 001665.290, 149.0
Trd, 001681.200, 161
Trd, 001681.310, 186.0
Trd, 001681.340, 178.0
Trd, 001681.450, 191.0
Trd, 001681.510, 175
Trd, 001682.070, 188
Trd, 001682.090, 173
Trd, 001682.150, 173
Trd, 001682.170, 171.0
Trd, 001682.240, 173
Trd, 001682.270, 173.0
Trd, 001682.290, 165.0
Trd, 001682.510, 169
Trd, 001682.590, 161
Trd, 001682.860, 161
Trd, 001683.040, 154.0
Trd, 001683.370, 154.0
Trd, 001683.540, 150
Trd, 001683.580, 158
Trd, 001683.660, 160.0
Trd, 001683.830, 159
Trd, 001683.900, 159
Trd, 001684.190, 155
Trd, 001684.590, 149.0
Trd, 001684.740, 159
Trd, 001686.800, 156
Trd, 001686.840, 147.0
Trd, 001688.340, 157
Trd, 001690.540, 148
Trd, 001698.990, 147.0
Trd, 001711.140, 137.0
Trd, 001711.200, 139
Trd, 001711.230, 143.0
Trd, 001711.310, 144
Trd, 001711.370, 141.0
Trd, 001711.400, 160.0
Trd, 001711.480, 156.0
Trd, 001711.560, 155
Trd, 001711.630, 155.0
Trd, 001711.830, 156.0
Trd, 001712.000, 159
Trd, 001712.040, 156.0
Trd, 001712.070, 153
Trd, 001712.140, 153
Trd, 001712.430, 154
Trd, 001712.540, 159
Trd, 001712.660, 159
Trd, 001712.910, 161
Trd, 001712.980, 162.0
Trd, 001713.260, 166.0
Trd, 001713.630, 164.0
Trd, 001714.670, 158
Trd, 001715.720, 161
Trd, 001716.720, 161
Trd, 001717.090, 159
Trd, 001718.270, 159
Trd, 001719.000, 159
Trd, 001719.420, 158
Trd, 001720.840, 150
Trd, 001726.460, 160
Trd, 001730.970, 166
Trd, 001741.140, 130.0
Trd, 001741.170, 120.0
Trd, 001741.290, 96.0
Trd, 001741.370, 135.0
Trd, 001741.380, 141.0
Trd, 001741.480, 143.0
Trd, 001741.530, 153.0
Trd, 001741.540, 162.0
Trd, 001741.730, 152
Trd, 001741.740, 141.0
Trd, 001741.810, 138.0
Trd, 001741.930, 151.0
Trd, 001741.950, 159.0
Trd, 001742.150, 154.0
Trd, 001742.620, 166.0
Trd, 001742.660, 170.0
Trd, 001742.880, 164.0
Trd, 001743.010, 166
Trd, 001743.650, 157
Trd, 001744.980, 157
Trd, 001745.830, 160
Trd, 001747.050, 160
Trd, 001750.230, 159
Trd, 001750.580, 156
Trd, 001752.150, 159
Trd, 001752.190, 159
Trd, 001752.270, 155
Trd, 001754.000, 159
Trd, 001764.820, 154
Trd, 001767.010, 159
Trd, 001771.190, 82.0
Trd, 001771.210, 117.0
Trd, 001771.220, 155.0
Trd, 001771.340, 134.0
Trd, 001771.420, 122
Trd, 001771.470, 142.0
Trd, 001771.550, 145.0
Trd, 001771.590, 158.0
Trd, 001771.620, 142.0
Trd, 001771.660, 162.0
Trd, 001771.790, 160
Trd, 001771.810, 153
Trd, 001771.940, 153.0
Trd, 001771.960, 151
Trd, 001771.970, 155
Trd, 001772.310, 154.0
Trd, 001772.350, 149.0
Trd, 001772.410, 157
Trd, 001772.560, 158
Trd, 001773.180, 151
Trd, 001773.610, 150
Trd, 001773.760, 156
Trd, 001774.260, 156
Trd, 001774.950, 157
Trd, 001775.320, 161
Trd, 001775.520, 149.0
Trd, 001775.700, 148
Trd, 001776.460, 147.0
Trd, 001777.480, 167.0
Trd, 001788.160, 164
