Trd, 000030.280, 141.0
Trd, 000030.330, 144
Trd, 000030.390, 138
Trd, 000030.440, 150
Trd, 000030.530, 159.0
Trd, 000030.680, 160
Trd, 000031.000, 147.0
Trd, 000031.040, 145
Trd, 000031.720, 153
Trd, 000032.600, 155
Trd, 000032.990, 157
Trd, 000034.720, 155
Trd, 000039.700, 158
Trd, 000041.120, 154
Trd, 000043.540, 158.0
Trd, 000049.130, 162
Trd, 000060.090, 167
Trd, 000060.470, 161.0
Trd, 000060.620, 159.0
Trd, 000060.670, 158
Trd, 000060.760, 162.0
Trd, 000061.250, 161
Trd, 000061.300, 153
Trd, 000061.740, 162
Trd, 000062.030, 160
Trd, 000062.540, 151.0
Trd, 000063.300, 157
Trd, 000064.410, 157
Trd, 000064.900, 158
Trd, 000069.020, 148
Trd, 000077.180, 161
Trd, 000077.820, 143.0
Trd, 000086.270, 141.0
Trd, 000090.090, 161
Trd, 000090.210, 174.0
Trd, 000090.240, 162
Trd, 000090.400, 163
Trd, 000090.500, 147.0
Trd, 000090.660, 154
Trd, 000091.030, 145
Trd, 000091.200, 145
Trd, 000091.940, 151.0
Trd, 000091.970, 155
Trd, 000094.050, 156
Trd, 000094.330, 158.0
Trd, 000095.460, 158
Trd, 000099.430, 153
Trd, 000100.170, 159
Trd, 000101.460, 160
Trd, 000107.190, 143.0
Trd, 000120.530, 154
Trd, 000120.550, 155
Trd, 000120.810, 159
Trd, 000120.960, 152
Trd, 000121.000, 152
Trd, 000121.130, 161
Trd, 000121.700, 154
Trd, 000121.830, 151.0
Trd, 000121.870, 158
Trd, 000123.340, 145
Trd, 000123.740, 147.0
Trd, 000126.040, 152
Trd, 000126.150, 158.0
Trd, 000126.480, 161
Trd, 000131.930, 162.0
Trd, 000136.080, 163
Trd, 000138.360, 146
Trd, 000150.150, 157
Trd, 000150.260, 162
Trd, 000150.610, 167
Trd, 000150.720, 166
Trd, 000151.050, 161.0
Trd, 000151.080, 167
Trd, 000151.230, 159
Trd, 000151.260, 159.0
Trd, 000152.130, 153
Trd, 000154.860, 157
Trd, 000155.540, 157
Trd, 000157.970, 158
Trd, 000158.380, 151.0
Trd, 000158.880, 162.0
Trd, 000162.560, 143.0
Trd, 000178.650, 155
Trd, 000180.110, 156
Trd, 000180.200, 151.0
Trd, 000180.290, 154
Trd, 000180.530, 165
Trd, 000180.640, 177
Trd, 000180.750, 174.0
Trd, 000181.230, 174.0
Trd, 000181.310, 175
Trd, 000181.560, 161.0
Trd, 000188.450, 159.0
Trd, 000190.450, 157
Trd, 000191.740, 156
Trd, 000193.430, 154
Trd, 000193.820, 156
Trd, 000197.290, 152
Trd, 000207.050, 158
Trd, 000210.150, 141.0
Trd, 000210.540, 162.0
Trd, 000210.810, 157
Trd, 000211.210, 174.0
Trd, 000211.660, 166
Trd, 000211.780, 161.0
Trd, 000212.170, 159
Trd, 000212.710, 162
Trd, 000212.850, 158
Trd, 000214.980, 172
Trd, 000217.320, 160
Trd, 000219.460, 172
Trd, 000225.510, 160
Trd, 000233.790, 154
Trd, 000240.240, 159
Trd, 000240.550, 158
Trd, 000240.600, 154
Trd, 000240.800, 159
Trd, 000241.230, 159
Trd, 000241.730, 158.0
Trd, 000241.750, 155
Trd, 000242.040, 151.0
Trd, 000242.300, 158
Trd, 000242.640, 160
Trd, 000243.040, 160
Trd, 000243.550, 162.0
Trd, 000244.820, 157
Trd, 000247.400, 152
Trd, 000261.100, 144
Trd, 000264.980, 143.0
Trd, 000270.590, 159.0
Trd, 000270.610, 162.0
Trd, 000270.630, 173
Trd, 000271.020, 152
Trd, 000271.600, 158.0
Trd, 000271.730, 157
Trd, 000271.750, 160
Trd, 000271.860, 151.0
Trd, 000272.140, 161
Trd, 000272.500, 151
Trd, 000273.590, 143.0
Trd, 000273.640, 147.0
Trd, 000274.430, 153
Trd, 000274.800, 149
Trd, 000279.530, 150
Trd, 000286.420, 150
Trd, 000300.280, 163
Trd, 000300.370, 166
Trd, 000300.430, 159.0
Trd, 000300.520, 168
Trd, 000300.730, 158.0
Trd, 000300.830, 160
Trd, 000301.110, 156
Trd, 000301.180, 158
Trd, 000301.440, 155
Trd, 000301.490, 157
Trd, 000302.620, 156
Trd, 000302.700, 156
Trd, 000304.890, 158
Trd, 000304.960, 161
Trd, 000312.020, 162.0
Trd, 000318.150, 151.0
Trd, 000320.010, 167
Trd, 000330.280, 161.0
Trd, 000330.660, 160
Trd, 000330.750, 162.0
Trd, 000331.020, 161
Trd, 000332.380, 152
Trd, 000332.560, 151.0
Trd, 000332.740, 149
Trd, 000332.880, 156
Trd, 000333.280, 157
Trd, 000333.410, 158.0
Trd, 000336.810, 158
Trd, 000340.250, 151
Trd, 000343.400, 161
Trd, 000344.060, 160
Trd, 000350.190, 165
Trd, 000359.290, 152
Trd, 000360.400, 165
Trd, 000360.410, 161.0
Trd, 000360.510, 160
Trd, 000360.550, 162
Trd, 000361.140, 153
Trd, 000361.420, 153
Trd, 000361.710, 153
Trd, 000361.840, 159.0
Trd, 000362.030, 161
Trd, 000362.100, 162.0
Trd, 000362.400, 151.0
Trd, 000363.240, 164
Trd, 000365.300, 153
Trd, 000365.620, 167
Trd, 000370.090, 143.0
Trd, 000373.880, 150
Trd, 000388.990, 144
Trd, 000390.240, 151.0
Trd, 000390.330, 175
Trd, 000390.400, 174.0
Trd, 000390.570, 161.0
Trd, 000391.220, 159
Trd, 000391.540, 160
Trd, 000391.880, 159.0
Trd, 000391.910, 162.0
Trd, 000393.220, 157
Trd, 000393.960, 160
Trd, 000394.330, 160
Trd, 000399.700, 159
Trd, 000401.380, 160
Trd, 000406.010, 143.0
Trd, 000420.280, 157
Trd, 000420.340, 174.0
Trd, 000420.670, 162.0
Trd, 000420.760, 159.0
Trd, 000420.900, 154
Trd, 000421.160, 151.0
Trd, 000421.330, 144
Trd, 000421.370, 156
Trd, 000422.050, 151
Trd, 000423.100, 152
Trd, 000423.260, 154
Trd, 000424.630, 157
Trd, 000425.930, 158
Trd, 000426.190, 158.0
Trd, 000429.920, 150
Trd, 000439.490, 143.0
Trd, 000450.300, 174.0
Trd, 000450.470, 162.0
Trd, 000450.480, 159.0
Trd, 000450.670, 158.0
Trd, 000450.690, 151
Trd, 000451.570, 153
Trd, 000451.860, 151.0
Trd, 000452.060, 154
Trd, 000452.950, 150
Trd, 000454.620, 150
Trd, 000454.630, 149
Trd, 000455.670, 151
Trd, 000457.530, 152
Trd, 000463.930, 157
Trd, 000473.340, 160
Trd, 000473.670, 143.0
Trd, 000476.780, 146
Trd, 000480.390, 161.0
Trd, 000480.450, 147.0
Trd, 000480.800, 164
Trd, 000480.940, 159.0
Trd, 000481.170, 158.0
Trd, 000481.290, 156
Trd, 000481.510, 153
Trd, 000481.940, 157
Trd, 000483.740, 156
Trd, 000484.250, 157
Trd, 000484.440, 151.0
Trd, 000484.930, 160
Trd, 000485.760, 150
Trd, 000487.530, 155
Trd, 000487.670, 162.0
Trd, 000506.240, 151
Trd, 000510.320, 147.0
Trd, 000510.430, 161.0
Trd, 000510.850, 171
Trd, 000511.300, 174.0
Trd, 000511.770, 159.0
Trd, 000512.110, 168
Trd, 000512.410, 162.0
Trd, 000514.060, 158.0
Trd, 000514.990, 158
Trd, 000515.030, 157
Trd, 000518.770, 151.0
Trd, 000518.990, 155
Trd, 000521.330, 155
Trd, 000524.430, 155
Trd, 000526.350, 156
Trd, 000527.300, 160
Trd, 000540.450, 141.0
Trd, 000540.470, 136
Trd, 000540.520, 159.0
Trd, 000540.570, 151.0
Trd, 000540.720, 152
Trd, 000540.810, 154
Trd, 000541.110, 147.0
Trd, 000541.500, 145
Trd, 000541.810, 145
Trd, 000542.340, 152
Trd, 000543.650, 153
Trd, 000544.020, 158
Trd, 000544.320, 146
Trd, 000545.280, 161
Trd, 000545.520, 162.0
Trd, 000550.570, 164
Trd, 000552.920, 143.0
Trd, 000558.940, 141.0
Trd, 000560.070, 156
Trd, 000570.370, 157
Trd, 000570.620, 147.0
Trd, 000570.920, 155
Trd, 000570.950, 162.0
Trd, 000570.990, 158.0
Trd, 000571.000, 143.0
Trd, 000571.630, 151.0
Trd, 000572.360, 149
Trd, 000572.380, 150
Trd, 000572.550, 151
Trd, 000572.690, 147
Trd, 000572.980, 155
Trd, 000573.580, 149
Trd, 000579.210, 157
Trd, 000580.400, 150
Trd, 000583.360, 160
Trd, 000592.700, 150
Trd, 000592.760, 142
Trd, 000600.730, 158
Trd, 000600.770, 151.0
Trd, 000600.790, 159
Trd, 000600.800, 160
Trd, 000600.950, 143.0
Trd, 000601.030, 141.0
Trd, 000601.210, 153
Trd, 000601.270, 152
Trd, 000601.580, 156
Trd, 000602.010, 152
Trd, 000603.880, 153
Trd, 000604.880, 155
Trd, 000605.740, 158
Trd, 000607.020, 158.0
Trd, 000611.530, 162.0
Trd, 000612.530, 150
Trd, 000615.250, 167
Trd, 000630.510, 161
Trd, 000630.640, 160
Trd, 000630.680, 174.0
Trd, 000630.700, 159.0
Trd, 000630.730, 151.0
Trd, 000630.960, 141
Trd, 000631.230, 153
Trd, 000631.620, 155
Trd, 000631.720, 157
Trd, 000632.470, 158.0
Trd, 000635.250, 155
Trd, 000639.300, 154
Trd, 000641.440, 154
Trd, 000647.690, 156
Trd, 000652.710, 157
Trd, 000660.450, 140
Trd, 000660.530, 147.0
Trd, 000660.700, 158.0
Trd, 000660.750, 147
Trd, 000661.100, 153
Trd, 000661.370, 151.0
Trd, 000661.480, 155
Trd, 000662.060, 151
Trd, 000662.260, 152
Trd, 000662.700, 155
Trd, 000664.090, 156
Trd, 000664.650, 156
Trd, 000664.810, 158
Trd, 000668.610, 160
Trd, 000672.910, 151
Trd, 000676.940, 146
Trd, 000686.360, 162.0
Trd, 000690.560, 162.0
Trd, 000690.610, 159.0
Trd, 000690.710, 160
Trd, 000691.010, 155
Trd, 000691.210, 154
Trd, 000691.460, 156
Trd, 000691.630, 157
Trd, 000691.770, 151
Trd, 000691.970, 151.0
Trd, 000693.640, 155
Trd, 000694.230, 156
Trd, 000700.570, 157
Trd, 000700.840, 152
Trd, 000704.420, 157
Trd, 000704.890, 158.0
Trd, 000710.510, 144
Trd, 000720.490, 141.0
Trd, 000720.590, 154
Trd, 000720.890, 143.0
Trd, 000720.920, 147.0
Trd, 000721.110, 157
Trd, 000721.350, 141.0
Trd, 000721.600, 152
Trd, 000721.790, 153
Trd, 000721.860, 155
Trd, 000722.120, 155
Trd, 000722.570, 149
Trd, 000723.150, 157
Trd, 000723.550, 158.0
Trd, 000725.790, 155
Trd, 000725.820, 161
Trd, 000729.270, 162.0
Trd, 000731.230, 152
Trd, 000738.050, 163
Trd, 000750.530, 133
Trd, 000750.820, 159.0
Trd, 000750.880, 158.0
Trd, 000751.150, 169
Trd, 000751.220, 179
Trd, 000751.360, 174.0
Trd, 000751.530, 167
Trd, 000751.670, 165
Trd, 000752.090, 161.0
Trd, 000752.760, 151.0
Trd, 000755.510, 151
Trd, 000755.520, 153
Trd, 000760.700, 147
Trd, 000764.780, 152
Trd, 000772.540, 160
Trd, 000775.550, 143.0
Trd, 000779.210, 160
Trd, 000779.730, 141.0
Trd, 000780.610, 130.0
Trd, 000780.690, 141.0
Trd, 000781.010, 172
Trd, 000781.030, 174.0
Trd, 000781.420, 162
Trd, 000781.800, 161.0
Trd, 000781.940, 159.0
Trd, 000782.210, 152
Trd, 000782.750, 143.0
Trd, 000784.330, 157
Trd, 000784.920, 154
Trd, 000785.400, 154
Trd, 000785.710, 154
Trd, 000800.080, 157
Trd, 000800.880, 152
Trd, 000809.400, 158
Trd, 000810.650, 160
Trd, 000810.690, 130.0
Trd, 000811.020, 148
Trd, 000811.050, 158
Trd, 000811.080, 158.0
Trd, 000811.340, 151.0
Trd, 000811.350, 153
Trd, 000812.930, 151
Trd, 000813.120, 152
Trd, 000813.350, 155
Trd, 000813.680, 150
Trd, 000817.450, 148
Trd, 000818.660, 149
Trd, 000818.770, 152
Trd, 000822.700, 160
Trd, 000837.200, 154
Trd, 000840.660, 154
Trd, 000840.990, 160
Trd, 000841.040, 162.0
Trd, 000841.330, 171
Trd, 000841.430, 160
Trd, 000841.440, 154
Trd, 000841.490, 165
Trd, 000842.230, 152
Trd, 000842.790, 156
Trd, 000844.140, 156
Trd, 000849.990, 152
Trd, 000850.270, 158
Trd, 000852.370, 151.0
Trd, 000856.510, 156
Trd, 000859.230, 158.0
Trd, 000862.150, 145
Trd, 000870.560, 155
Trd, 000870.720, 161
Trd, 000870.740, 151
Trd, 000870.970, 159
Trd, 000872.720, 155
Trd, 000872.730, 154
Trd, 000872.760, 153
Trd, 000872.840, 154
Trd, 000873.060, 151.0
Trd, 000873.480, 158.0
Trd, 000876.360, 157
Trd, 000878.260, 156
Trd, 000881.400, 162.0
Trd, 000884.950, 164
Trd, 000900.740, 157
Trd, 000900.830, 156
Trd, 000901.250, 159
Trd, 000901.490, 156
Trd, 000901.570, 158
Trd, 000901.740, 158
Trd, 000902.050, 158.0
Trd, 000902.160, 158
Trd, 000902.360, 155
Trd, 000902.510, 156
Trd, 000904.250, 160
Trd, 000905.640, 160
Trd, 000905.760, 151.0
Trd, 000906.940, 162.0
Trd, 000907.310, 143.0
Trd, 000907.540, 141.0
Trd, 000911.410, 153
Trd, 000930.690, 161.0
Trd, 000931.370, 159.0
Trd, 000931.560, 160
Trd, 000931.610, 155
Trd, 000931.670, 161
Trd, 000931.860, 151.0
Trd, 000931.890, 143.0
Trd, 000932.030, 154
Trd, 000932.150, 159
Trd, 000932.260, 160
Trd, 000932.530, 161
Trd, 000933.390, 147
Trd, 000937.830, 154
Trd, 000940.190, 162.0
Trd, 000954.480, 167
Trd, 000960.620, 154
Trd, 000960.880, 174.0
Trd, 000961.330, 163
Trd, 000961.480, 161.0
Trd, 000961.870, 157
Trd, 000962.130, 151.0
Trd, 000963.190, 156
Trd, 000963.260, 159
Trd, 000963.360, 165
Trd, 000963.550, 166
Trd, 000964.400, 166
Trd, 000964.960, 165
Trd, 000965.110, 166
Trd, 000967.090, 147
Trd, 000969.190, 166
Trd, 000984.970, 153
Trd, 000986.190, 144
Trd, 000990.870, 158.0
Trd, 000991.180, 157
Trd, 000991.450, 151.0
Trd, 000991.590, 158
Trd, 000991.710, 146
Trd, 000992.110, 153
Trd, 000992.190, 150
Trd, 000992.810, 158
Trd, 000992.820, 148
Trd, 000993.080, 162
Trd, 000993.280, 162.0
Trd, 000993.540, 148
Trd, 000998.120, 147.0
Trd, 001000.170, 151
Trd, 001002.010, 158
Trd, 001002.230, 143.0
Trd, 001009.700, 141.0
Trd, 001020.760, 151.0
Trd, 001021.050, 167
Trd, 001021.180, 161.0
Trd, 001021.250, 159.0
Trd, 001022.070, 158.0
Trd, 001023.030, 157
Trd, 001023.300, 147
Trd, 001023.870, 154
Trd, 001025.550, 149
Trd, 001026.750, 154
Trd, 001027.090, 157
Trd, 001027.390, 157
Trd, 001028.500, 149
Trd, 001030.560, 151
Trd, 001036.430, 161
Trd, 001050.760, 147.0
Trd, 001050.940, 148
Trd, 001050.980, 153
Trd, 001051.270, 162.0
Trd, 001051.940, 151
Trd, 001052.580, 152
Trd, 001052.690, 153
Trd, 001052.780, 158.0
Trd, 001052.940, 156
Trd, 001053.250, 151.0
Trd, 001055.010, 155
Trd, 001059.790, 157
Trd, 001061.100, 150
Trd, 001067.200, 160
Trd, 001075.600, 143.0
Trd, 001080.870, 141.0
Trd, 001081.100, 174.0
Trd, 001081.220, 165
Trd, 001081.230, 154
Trd, 001081.260, 151.0
Trd, 001081.330, 196
Trd, 001081.420, 170
Trd, 001081.770, 180.0
Trd, 001081.810, 160
Trd, 001082.400, 159.0
Trd, 001085.180, 161
Trd, 001085.720, 158
Trd, 001089.860, 149
Trd, 001090.790, 150
Trd, 001098.400, 150
Trd, 001099.500, 151
Trd, 001104.730, 146
Trd, 001110.730, 188
Trd, 001110.850, 130.0
Trd, 001110.860, 156
Trd, 001110.970, 158.0
Trd, 001111.460, 150
Trd, 001112.000, 153
Trd, 001112.380, 144
Trd, 001112.690, 152
Trd, 001112.900, 143.0
Trd, 001113.150, 147.0
Trd, 001115.100, 148
Trd, 001115.330, 150
Trd, 001116.420, 159
Trd, 001120.140, 145
Trd, 001127.090, 158
Trd, 001130.650, 162.0
Trd, 001136.100, 148
Trd, 001140.810, 141.0
Trd, 001140.820, 162.0
Trd, 001140.900, 161.0
Trd, 001140.930, 159.0
Trd, 001141.120, 138
Trd, 001141.150, 142
Trd, 001141.330, 150
Trd, 001141.860, 152
Trd, 001141.880, 151.0
Trd, 001142.020, 155
Trd, 001142.190, 146
Trd, 001143.740, 155
Trd, 001145.240, 155
Trd, 001145.890, 157
Trd, 001148.700, 162
Trd, 001153.860, 154
Trd, 001170.780, 156
Trd, 001170.940, 154
Trd, 001171.180, 174.0
Trd, 001171.660, 161.0
Trd, 001171.790, 159.0
Trd, 001171.980, 162.0
Trd, 001172.520, 161
Trd, 001172.570, 154
Trd, 001172.780, 161
Trd, 001172.810, 163
Trd, 001173.500, 151.0
Trd, 001174.780, 153
Trd, 001176.870, 153
Trd, 001179.510, 157
Trd, 001186.990, 158.0
Trd, 001189.470, 160
Trd, 001191.480, 143.0
Trd, 001200.200, 148
Trd, 001201.160, 156
Trd, 001201.310, 152
Trd, 001201.320, 151.0
Trd, 001201.630, 130.0
Trd, 001201.640, 141.0
Trd, 001201.970, 147.0
Trd, 001202.510, 150
Trd, 001202.930, 151
Trd, 001203.340, 152
Trd, 001204.350, 151
Trd, 001204.390, 153
Trd, 001204.520, 158.0
Trd, 001205.480, 158
Trd, 001206.250, 160
Trd, 001206.610, 162.0
Trd, 001217.600, 146
Trd, 001230.990, 161
Trd, 001231.030, 159.0
Trd, 001231.260, 159
Trd, 001231.430, 157
Trd, 001231.860, 158
Trd, 001232.100, 157
Trd, 001232.190, 159
Trd, 001232.220, 151.0
Trd, 001232.770, 151
Trd, 001232.800, 158.0
Trd, 001232.810, 150
Trd, 001235.010, 156
Trd, 001237.120, 147
Trd, 001237.640, 160
Trd, 001239.260, 148
Trd, 001241.030, 162.0
Trd, 001261.050, 156
Trd, 001261.200, 161
Trd, 001261.300, 157
Trd, 001261.620, 141.0
Trd, 001261.730, 158.0
Trd, 001261.870, 142
Trd, 001262.090, 147.0
Trd, 001262.120, 161
Trd, 001262.700, 158
Trd, 001263.050, 158
Trd, 001263.390, 162.0
Trd, 001264.100, 164
Trd, 001265.440, 161
Trd, 001266.850, 157
Trd, 001268.460, 162
Trd, 001273.100, 151.0
Trd, 001277.680, 149
Trd, 001290.890, 159
Trd, 001291.090, 167
Trd, 001291.190, 163
Trd, 001291.610, 161
Trd, 001291.950, 161
Trd, 001291.960, 161.0
Trd, 001292.120, 161
Trd, 001292.520, 161
Trd, 001293.430, 156
Trd, 001293.720, 151.0
Trd, 001294.640, 156
Trd, 001298.490, 156
Trd, 001306.200, 161
Trd, 001311.100, 155
Trd, 001314.030, 151
Trd, 001320.940, 168
Trd, 001320.970, 139
Trd, 001321.140, 170
Trd, 001321.510, 160
Trd, 001321.820, 163
Trd, 001322.310, 159.0
Trd, 001322.990, 161.0
Trd, 001323.660, 155
Trd, 001324.090, 155
Trd, 001324.950, 151.0
Trd, 001327.560, 155
Trd, 001327.750, 157
Trd, 001331.340, 153
Trd, 001333.140, 154
Trd, 001335.780, 159
Trd, 001340.530, 160
Trd, 001350.930, 159.0
Trd, 001351.020, 174.0
Trd, 001351.050, 158
Trd, 001351.470, 141.0
Trd, 001351.560, 142
Trd, 001351.670, 155
Trd, 001352.310, 141.0
Trd, 001353.420, 150
Trd, 001353.430, 152
Trd, 001354.510, 151.0
Trd, 001356.020, 153
Trd, 001356.560, 146
Trd, 001357.560, 158.0
Trd, 001362.010, 146
Trd, 001366.910, 159
Trd, 001372.240, 146
Trd, 001373.640, 160
Trd, 001381.080, 155
Trd, 001381.260, 148
Trd, 001381.380, 151.0
Trd, 001381.810, 154
Trd, 001381.850, 155
Trd, 001381.900, 158
Trd, 001382.020, 148
Trd, 001382.610, 153
Trd, 001383.920, 157
Trd, 001387.590, 153
Trd, 001387.610, 151
Trd, 001391.610, 152
Trd, 001392.380, 158.0
Trd, 001394.330, 160
Trd, 001402.210, 162.0
Trd, 001403.530, 149
Trd, 001410.970, 151.0
Trd, 001411.090, 158.0
Trd, 001411.790, 159
Trd, 001412.470, 162.0
Trd, 001412.730, 157
Trd, 001412.740, 174.0
Trd, 001413.440, 178
Trd, 001414.100, 159
Trd, 001414.140, 156
Trd, 001417.190, 161.0
Trd, 001418.170, 159
Trd, 001419.410, 155
Trd, 001420.530, 153
Trd, 001421.770, 154
Trd, 001422.320, 160
Trd, 001424.560, 160
Trd, 001430.990, 145
Trd, 001440.990, 161.0
Trd, 001441.040, 159.0
Trd, 001441.170, 155
Trd, 001441.180, 159
Trd, 001441.440, 161
Trd, 001441.470, 159
Trd, 001441.520, 151.0
Trd, 001441.810, 147.0
Trd, 001442.390, 151
Trd, 001443.540, 156
Trd, 001444.390, 145
Trd, 001445.200, 156
Trd, 001446.780, 154
Trd, 001449.670, 157
Trd, 001449.980, 162.0
Trd, 001463.520, 147
Trd, 001466.520, 167
Trd, 001471.140, 171
Trd, 001471.150, 162
Trd, 001471.260, 161.0
Trd, 001471.420, 162.0
Trd, 001471.480, 159.0
Trd, 001471.630, 158.0
Trd, 001471.920, 155
Trd, 001472.810, 154
Trd, 001473.590, 151.0
Trd, 001473.650, 146
Trd, 001474.630, 153
Trd, 001476.780, 153
Trd, 001477.660, 143.0
Trd, 001478.010, 155
Trd, 001478.670, 157
Trd, 001480.750, 160
Trd, 001491.200, 165
Trd, 001494.830, 141.0
Trd, 001501.060, 141.0
Trd, 001501.070, 147.0
Trd, 001501.180, 130.0
Trd, 001501.200, 147
Trd, 001501.430, 158.0
Trd, 001501.570, 153
Trd, 001502.020, 160
Trd, 001502.400, 157
Trd, 001503.480, 152
Trd, 001503.700, 162
Trd, 001505.320, 160
Trd, 001505.420, 165
Trd, 001508.450, 162.0
Trd, 001508.560, 152
Trd, 001512.920, 165
Trd, 001518.120, 155
Trd, 001525.780, 145
Trd, 001531.150, 130.0
Trd, 001531.490, 157
Trd, 001531.620, 145
Trd, 001532.000, 167
Trd, 001532.270, 161
Trd, 001532.410, 174.0
Trd, 001533.960, 153
Trd, 001534.790, 158.0
Trd, 001534.830, 154
Trd, 001535.620, 161
Trd, 001536.760, 162
Trd, 001537.340, 152
Trd, 001540.540, 162
Trd, 001540.880, 164
Trd, 001561.240, 153
Trd, 001561.440, 155
Trd, 001561.810, 154
Trd, 001561.980, 158.0
Trd, 001562.000, 151.0
Trd, 001562.040, 161
Trd, 001562.270, 162.0
Trd, 001562.360, 161.0
Trd, 001562.410, 162
Trd, 001562.860, 147.0
Trd, 001564.190, 153
Trd, 001565.760, 154
Trd, 001570.550, 157
Trd, 001573.270, 161
Trd, 001579.530, 159
Trd, 001580.830, 147
Trd, 001583.840, 143.0
Trd, 001591.100, 141.0
Trd, 001591.130, 161.0
Trd, 001591.290, 153
Trd, 001591.310, 161
Trd, 001591.320, 162.0
Trd, 001591.580, 169
Trd, 001591.760, 150
Trd, 001592.160, 149
Trd, 001592.700, 154
Trd, 001592.730, 151.0
Trd, 001592.800, 157
Trd, 001594.070, 158.0
Trd, 001596.090, 160
Trd, 001597.770, 166
Trd, 001598.830, 149
Trd, 001607.050, 148
Trd, 001610.620, 151
Trd, 001613.370, 168
Trd, 001619.240, 143.0
Trd, 001621.250, 147.0
Trd, 001621.290, 159.0
Trd, 001621.380, 141.0
Trd, 001621.530, 163
Trd, 001621.640, 154
Trd, 001621.650, 158.0
Trd, 001621.980, 163
Trd, 001622.040, 163
Trd, 001623.000, 156
Trd, 001624.900, 162
Trd, 001626.480, 162.0
Trd, 001626.530, 151.0
Trd, 001630.510, 162
Trd, 001638.370, 161
Trd, 001639.380, 162
Trd, 001644.170, 143.0
Trd, 001650.610, 170
Trd, 001651.140, 145
Trd, 001651.210, 130.0
Trd, 001651.250, 156
Trd, 001651.350, 158.0
Trd, 001652.030, 151.0
Trd, 001652.440, 156
Trd, 001652.620, 159
Trd, 001652.690, 155
Trd, 001652.960, 158
Trd, 001653.920, 151
Trd, 001660.520, 155
Trd, 001663.620, 161
Trd, 001665.680, 153
Trd, 001667.020, 153
Trd, 001672.140, 158
Trd, 001676.680, 162.0
Trd, 001681.300, 155
Trd, 001681.550, 164
Trd, 001681.620, 159
Trd, 001681.900, 156
Trd, 001681.990, 158.0
Trd, 001682.440, 159
Trd, 001684.300, 159
Trd, 001684.530, 156
Trd, 001684.810, 155
Trd, 001685.730, 155
Trd, 001686.660, 154
Trd, 001689.960, 162.0
Trd, 001691.350, 162
Trd, 001697.620, 167
Trd, 001698.790, 166
Trd, 001706.180, 151.0
Trd, 001710.570, 153
Trd, 001711.160, 167
Trd, 001711.170, 177
Trd, 001711.390, 159
Trd, 001711.480, 150
Trd, 001711.540, 168
Trd, 001712.140, 161.0
Trd, 001712.340, 160
Trd, 001712.460, 162.0
Trd, 001712.630, 159.0
Trd, 001713.920, 156
Trd, 001714.900, 154
Trd, 001716.490, 155
Trd, 001720.840, 156
Trd, 001724.620, 151.0
Trd, 001728.000, 157
Trd, 001741.170, 170
Trd, 001741.230, 161.0
Trd, 001741.700, 147.0
Trd, 001741.880, 150
Trd, 001742.490, 153
Trd, 001743.100, 151.0
Trd, 001743.440, 152
Trd, 001745.040, 146
Trd, 001745.710, 153
Trd, 001745.800, 158
Trd, 001747.600, 156
Trd, 001757.700, 158.0
Trd, 001759.080, 160
Trd, 001763.270, 152
Trd, 001771.160, 161.0
Trd, 001771.340, 147.0
Trd, 001771.550, 149
Trd, 001771.670, 158.0
Trd, 001772.070, 148
Trd, 001772.120, 152
Trd, 001772.270, 160
Trd, 001772.960, 151.0
Trd, 001774.150, 148
Trd, 001774.880, 151
Trd, 001775.680, 154
Trd, 001776.200, 153
Trd, 001780.480, 162.0
Trd, 001789.760, 154
Trd, 001801.280, 158
Trd, 001801.530, 149
Trd, 001801.630, 156
Trd, 001801.660, 151.0
Trd, 001801.810, 158.0
Trd, 001801.940, 167
Trd, 001802.620, 158
Trd, 001802.940, 154
Trd, 001803.000, 162
Trd, 001803.350, 162.0
Trd, 001804.790, 154
Trd, 001806.580, 156
Trd, 001810.650, 156
Trd, 001813.580, 156
Trd, 001826.530, 153
Trd, 001831.220, 176
Trd, 001831.320, 158
Trd, 001831.380, 147.0
Trd, 001831.870, 149
Trd, 001831.880, 153
Trd, 001832.040, 143.0
Trd, 001832.280, 153
Trd, 001832.410, 154
Trd, 001833.060, 158
Trd, 001833.150, 158.0
Trd, 001833.310, 161
Trd, 001834.030, 162.0
Trd, 001834.130, 163
Trd, 001836.330, 167
Trd, 001838.470, 158
Trd, 001850.770, 151.0
Trd, 001861.820, 159.0
Trd, 001861.900, 161
Trd, 001861.910, 161
Trd, 001861.990, 158
Trd, 001862.030, 158
Trd, 001862.320, 162.0
Trd, 001862.360, 143.0
Trd, 001862.950, 167
Trd, 001863.370, 161.0
Trd, 001863.380, 141.0
Trd, 001864.190, 158.0
Trd, 001872.940, 155
Trd, 001875.300, 151.0
Trd, 001876.740, 155
Trd, 001877.780, 157
Trd, 001879.390, 142
Trd, 001891.430, 130.0
Trd, 001891.460, 141.0
Trd, 001891.670, 150
Trd, 001891.740, 151
Trd, 001891.830, 152
Trd, 001891.950, 155
Trd, 001892.310, 147.0
Trd, 001892.790, 158.0
Trd, 001892.930, 158
Trd, 001894.600, 159
Trd, 001894.730, 150
Trd, 001895.300, 160
Trd, 001902.960, 162.0
Trd, 001904.080, 159.0
Trd, 001904.700, 145
Trd, 001921.380, 130.0
Trd, 001921.500, 147.0
Trd, 001921.520, 157
Trd, 001921.580, 159.0
Trd, 001921.960, 154
Trd, 001922.210, 141.0
Trd, 001922.680, 151.0
Trd, 001923.180, 152
Trd, 001925.070, 156
Trd, 001925.110, 158.0
Trd, 001925.260, 150
Trd, 001925.390, 160
Trd, 001927.910, 146
Trd, 001932.370, 162.0
Trd, 001938.310, 152
Trd, 001951.280, 154
Trd, 001951.370, 159.0
Trd, 001951.470, 177
Trd, 001951.490, 174.0
Trd, 001951.600, 170
Trd, 001951.610, 178
Trd, 001952.010, 160
Trd, 001952.090, 139
Trd, 001952.450, 158
Trd, 001953.120, 159
Trd, 001955.530, 157
Trd, 001955.680, 158
Trd, 001964.650, 151.0
Trd, 001970.290, 149
Trd, 001970.590, 143.0
Trd, 001973.090, 141.0
Trd, 001978.370, 158
Trd, 001981.340, 170
Trd, 001981.390, 149
Trd, 001981.450, 153
Trd, 001981.590, 147.0
Trd, 001981.960, 154
Trd, 001982.170, 154
Trd, 001982.190, 158.0
Trd, 001982.400, 162.0
Trd, 001982.770, 156
Trd, 001983.500, 157
Trd, 001983.620, 149
Trd, 001983.750, 158
Trd, 001986.380, 151.0
Trd, 001988.530, 160
Trd, 001988.930, 151
Trd, 001990.270, 146
Trd, 002005.680, 143.0
Trd, 002007.540, 143
Trd, 002011.420, 161
Trd, 002011.510, 141.0
Trd, 002011.540, 158.0
Trd, 002012.070, 152
Trd, 002012.850, 151.0
Trd, 002012.920, 160
Trd, 002013.580, 161.0
Trd, 002014.100, 159.0
Trd, 002015.090, 160
Trd, 002017.970, 153
Trd, 002018.180, 157
Trd, 002018.440, 155
Trd, 002021.780, 160
Trd, 002024.010, 156
Trd, 002032.260, 152
Trd, 002041.470, 158
Trd, 002041.540, 159
Trd, 002041.700, 151
Trd, 002041.800, 141.0
Trd, 002041.950, 147.0
Trd, 002042.010, 159
Trd, 002042.300, 158.0
Trd, 002042.330, 148
Trd, 002042.840, 156
Trd, 002042.860, 160
Trd, 002045.740, 151.0
Trd, 002047.670, 149
Trd, 002053.070, 157
Trd, 002055.830, 162.0
Trd, 002061.850, 161
Trd, 002064.330, 145
Trd, 002067.870, 167
Trd, 002071.400, 161.0
Trd, 002071.430, 147.0
Trd, 002071.540, 164
Trd, 002071.550, 135
Trd, 002071.720, 160
Trd, 002071.860, 143.0
Trd, 002072.050, 135
Trd, 002072.280, 151
Trd, 002072.770, 156
Trd, 002073.170, 157
Trd, 002073.730, 151
Trd, 002077.950, 158
Trd, 002078.020, 159
Trd, 002078.380, 161
Trd, 002079.190, 151.0
Trd, 002090.360, 162.0
Trd, 002097.500, 153
Trd, 002101.310, 146
Trd, 002101.450, 157
Trd, 002101.620, 158
Trd, 002101.710, 174.0
Trd, 002101.890, 151.0
Trd, 002102.120, 159.0
Trd, 002102.180, 156
Trd, 002102.580, 153
Trd, 002102.610, 161
Trd, 002103.250, 156
Trd, 002103.360, 158.0
Trd, 002103.810, 158
Trd, 002104.710, 160
Trd, 002104.950, 162.0
Trd, 002105.040, 143.0
Trd, 002105.290, 163
Trd, 002116.750, 145
Trd, 002128.000, 152
Trd, 002131.420, 151
Trd, 002131.520, 162.0
Trd, 002131.640, 161.0
Trd, 002131.710, 143.0
Trd, 002131.980, 147.0
Trd, 002131.990, 135
Trd, 002132.080, 158.0
Trd, 002132.630, 168
Trd, 002132.980, 161
Trd, 002133.820, 154
Trd, 002134.290, 154
Trd, 002134.500, 157
Trd, 002134.710, 160
Trd, 002148.040, 163
Trd, 002155.340, 157
Trd, 002160.780, 166
Trd, 002161.470, 159.0
Trd, 002161.520, 166
Trd, 002161.650, 149
Trd, 002161.780, 158.0
Trd, 002161.930, 159
Trd, 002162.030, 154
Trd, 002162.070, 154
Trd, 002163.120, 143.0
Trd, 002163.510, 151
Trd, 002164.460, 151.0
Trd, 002164.740, 152
Trd, 002165.130, 157
Trd, 002165.870, 161
Trd, 002165.920, 162.0
Trd, 002167.240, 153
Trd, 002167.360, 167
Trd, 002173.570, 162
Trd, 002191.410, 158.0
Trd, 002191.540, 161
Trd, 002191.630, 159
Trd, 002191.760, 157
Trd, 002192.010, 155
Trd, 002192.290, 157
Trd, 002192.560, 155
Trd, 002193.320, 151
Trd, 002193.510, 158
Trd, 002194.300, 143.0
Trd, 002194.830, 147.0
Trd, 002195.080, 141.0
Trd, 002195.310, 162.0
Trd, 002199.310, 157
Trd, 002204.840, 153
Trd, 002211.210, 160
Trd, 002211.710, 153
Trd, 002221.510, 155
Trd, 002221.610, 156
Trd, 002221.910, 143.0
Trd, 002222.210, 147.0
Trd, 002222.260, 151
Trd, 002222.290, 155
Trd, 002223.030, 151.0
Trd, 002223.330, 155
Trd, 002223.550, 161
Trd, 002223.630, 159.0
Trd, 002226.880, 158.0
Trd, 002229.290, 156
Trd, 002231.110, 154
Trd, 002232.520, 162.0
Trd, 002234.120, 167
Trd, 002240.290, 164
Trd, 002252.000, 157
Trd, 002252.050, 154
Trd, 002252.130, 156
Trd, 002252.210, 143.0
Trd, 002252.420, 158.0
Trd, 002252.560, 159
Trd, 002252.680, 159
Trd, 002252.810, 159
Trd, 002253.180, 153
Trd, 002253.420, 162.0
Trd, 002253.590, 165
Trd, 002255.460, 159.0
Trd, 002255.500, 151.0
Trd, 002259.520, 141.0
Trd, 002260.720, 159
Trd, 002262.280, 157
Trd, 002281.740, 162.0
Trd, 002281.820, 159.0
Trd, 002281.990, 156
Trd, 002282.030, 158
Trd, 002282.140, 160
Trd, 002282.210, 155
Trd, 002282.300, 158.0
Trd, 002282.690, 158
Trd, 002283.100, 167
Trd, 002283.150, 158
Trd, 002284.400, 161.0
Trd, 002287.250, 159
Trd, 002292.660, 156
Trd, 002296.680, 157
Trd, 002311.570, 158.0
Trd, 002311.770, 159
Trd, 002311.840, 160
Trd, 002311.880, 151.0
Trd, 002311.990, 149
Trd, 002313.160, 156
Trd, 002313.430, 159.0
Trd, 002313.440, 161
Trd, 002313.960, 155
Trd, 002314.070, 157
Trd, 002315.700, 162.0
Trd, 002316.930, 147
Trd, 002318.830, 164
Trd, 002319.710, 167
Trd, 002321.230, 167
Trd, 002327.740, 145
Trd, 002336.810, 143.0
Trd, 002341.490, 185
Trd, 002341.630, 174.0
Trd, 002342.040, 159.0
Trd, 002342.120, 165
Trd, 002342.330, 151.0
Trd, 002343.300, 149
Trd, 002343.470, 147
Trd, 002343.730, 160
Trd, 002344.060, 156
Trd, 002344.130, 159
Trd, 002351.440, 157
Trd, 002351.740, 158
Trd, 002358.270, 158
Trd, 002362.150, 161
Trd, 002362.590, 167
Trd, 002364.600, 145
Trd, 002371.820, 151.0
Trd, 002372.140, 147
Trd, 002372.150, 158
Trd, 002372.780, 158
Trd, 002372.800, 148
Trd, 002373.160, 147.0
Trd, 002373.220, 158
Trd, 002373.310, 158.0
Trd, 002373.570, 157
Trd, 002373.900, 159
Trd, 002377.240, 160
Trd, 002377.410, 158
Trd, 002380.980, 162.0
Trd, 002386.920, 152
Trd, 002399.280, 157
Trd, 002401.530, 174.0
Trd, 002401.750, 161.0
Trd, 002402.050, 160
Trd, 002402.080, 159.0
Trd, 002402.320, 163
Trd, 002402.410, 166
Trd, 002403.140, 154
Trd, 002403.250, 162.0
Trd, 002404.620, 157
Trd, 002405.910, 151.0
Trd, 002407.860, 154
Trd, 002408.130, 147
Trd, 002408.250, 158
Trd, 002409.740, 160
Trd, 002411.100, 143.0
Trd, 002415.970, 153
Trd, 002423.310, 167
Trd, 002429.090, 141.0
Trd, 002431.510, 174.0
Trd, 002432.280, 162.0
Trd, 002432.340, 162
Trd, 002432.350, 159.0
Trd, 002432.610, 164
Trd, 002432.710, 159
Trd, 002433.120, 159
Trd, 002434.000, 158
Trd, 002434.050, 158
Trd, 002434.310, 156
Trd, 002434.380, 167
Trd, 002435.060, 163
Trd, 002435.790, 151.0
Trd, 002443.000, 149
Trd, 002444.080, 143.0
Trd, 002446.980, 143
Trd, 002461.560, 171
Trd, 002461.780, 174.0
Trd, 002462.100, 166
Trd, 002462.260, 164
Trd, 002462.600, 165
Trd, 002462.620, 159.0
Trd, 002463.020, 162
Trd, 002464.430, 162
Trd, 002464.520, 161.0
Trd, 002464.620, 162.0
Trd, 002466.310, 161
Trd, 002467.080, 153
Trd, 002468.720, 153
Trd, 002470.750, 151.0
Trd, 002478.410, 151
Trd, 002482.520, 152
Trd, 002491.680, 151
Trd, 002491.800, 143.0
Trd, 002492.160, 152
Trd, 002492.300, 155
Trd, 002492.380, 156
Trd, 002492.760, 149
Trd, 002492.950, 148
Trd, 002493.120, 154
Trd, 002493.350, 158.0
Trd, 002493.540, 159
Trd, 002494.030, 141.0
Trd, 002494.310, 141.0
Trd, 002494.410, 147.0
Trd, 002495.210, 143
Trd, 002502.730, 160
Trd, 002509.320, 151.0
Trd, 002509.860, 162.0
Trd, 002519.100, 167
Trd, 002520.570, 142
Trd, 002521.540, 161.0
Trd, 002521.700, 155
Trd, 002521.820, 155
Trd, 002521.830, 154
Trd, 002521.940, 151.0
Trd, 002522.060, 143.0
Trd, 002522.200, 144
Trd, 002522.260, 156
Trd, 002522.490, 157
Trd, 002522.530, 158.0
Trd, 002522.680, 154
Trd, 002524.750, 158
Trd, 002538.160, 151
Trd, 002538.970, 160
Trd, 002545.130, 162.0
Trd, 002551.580, 147.0
Trd, 002551.870, 146
Trd, 002551.900, 151
Trd, 002551.910, 145
Trd, 002552.060, 158.0
Trd, 002552.880, 155
Trd, 002552.910, 156
Trd, 002553.560, 157
Trd, 002553.850, 151.0
Trd, 002554.560, 148
Trd, 002555.100, 156
Trd, 002555.910, 157
Trd, 002557.450, 149
Trd, 002559.440, 160
Trd, 002562.490, 159
Trd, 002565.480, 162.0
Trd, 002573.410, 160
Trd, 002576.270, 143.0
Trd, 002581.880, 153
Trd, 002581.990, 143.0
Trd, 002582.080, 158.0
Trd, 002582.140, 151.0
Trd, 002582.200, 158
Trd, 002582.890, 153
Trd, 002583.110, 154
Trd, 002583.500, 150
Trd, 002584.000, 152
Trd, 002584.060, 153
Trd, 002584.700, 159
Trd, 002585.470, 160
Trd, 002585.870, 162.0
Trd, 002586.120, 145
Trd, 002586.240, 167
Trd, 002587.020, 154
Trd, 002596.240, 149
Trd, 002611.520, 130.0
Trd, 002611.680, 147.0
Trd, 002611.840, 174.0
Trd, 002612.150, 169
Trd, 002612.830, 159.0
Trd, 002613.260, 162.0
Trd, 002613.340, 171
Trd, 002613.730, 157
Trd, 002613.860, 151.0
Trd, 002618.800, 151
Trd, 002619.620, 153
Trd, 002622.190, 152
Trd, 002627.870, 148
Trd, 002629.030, 155
Trd, 002639.120, 155
Trd, 002641.590, 167
Trd, 002641.870, 130.0
Trd, 002642.230, 147.0
Trd, 002642.340, 148
Trd, 002642.530, 143.0
Trd, 002642.770, 151
Trd, 002642.900, 153
Trd, 002643.390, 155
Trd, 002643.590, 155
Trd, 002643.920, 157
Trd, 002643.940, 158.0
Trd, 002644.080, 160
Trd, 002644.670, 151.0
Trd, 002650.540, 162.0
Trd, 002650.810, 142
Trd, 002655.040, 167
Trd, 002663.540, 147
Trd, 002671.670, 130.0
Trd, 002671.740, 141.0
Trd, 002672.080, 155
Trd, 002672.180, 151.0
Trd, 002672.320, 154
Trd, 002672.470, 155
Trd, 002672.620, 160
Trd, 002672.810, 162.0
Trd, 002674.160, 158
Trd, 002677.650, 157
Trd, 002677.950, 157
Trd, 002680.470, 150
Trd, 002682.440, 156
Trd, 002693.850, 149
Trd, 002699.910, 158.0
Trd, 002701.620, 174
Trd, 002701.680, 147.0
Trd, 002701.810, 159.0
Trd, 002701.960, 156
Trd, 002702.210, 159
Trd, 002703.000, 154
Trd, 002703.390, 158
Trd, 002704.230, 152
Trd, 002704.610, 158.0
Trd, 002704.970, 157
Trd, 002705.460, 158
Trd, 002705.790, 151.0
Trd, 002705.930, 153
Trd, 002706.250, 147
Trd, 002707.220, 143.0
Trd, 002709.260, 156
Trd, 002712.720, 160
Trd, 002731.750, 135
Trd, 002731.820, 147.0
Trd, 002732.070, 152
Trd, 002732.090, 152
Trd, 002732.210, 154
Trd, 002732.570, 158.0
Trd, 002732.620, 160
Trd, 002732.920, 158
Trd, 002733.050, 152
Trd, 002733.130, 157
Trd, 002733.550, 161
Trd, 002734.690, 162.0
Trd, 002736.910, 160
Trd, 002744.310, 151.0
Trd, 002761.600, 186
Trd, 002761.660, 174.0
Trd, 002761.800, 171
Trd, 002761.910, 170
Trd, 002762.010, 165
Trd, 002762.040, 161.0
Trd, 002762.140, 158
Trd, 002763.100, 170
Trd, 002763.890, 159.0
Trd, 002764.450, 160
Trd, 002767.800, 153
Trd, 002768.360, 151.0
Trd, 002773.670, 155
Trd, 002774.530, 153
Trd, 002781.200, 155
Trd, 002786.530, 143.0
Trd, 002791.580, 153
Trd, 002791.940, 143.0
Trd, 002792.100, 161
Trd, 002792.350, 162.0
Trd, 002792.560, 173
Trd, 002792.750, 151.0
Trd, 002793.200, 159.0
Trd, 002793.640, 160
Trd, 002793.740, 146
Trd, 002793.770, 141.0
Trd, 002794.020, 147.0
Trd, 002796.040, 160
Trd, 002797.010, 163
Trd, 002798.440, 161
Trd, 002808.750, 153
Trd, 002813.400, 154
Trd, 002815.720, 167
Trd, 002820.990, 136
Trd, 002821.750, 161
Trd, 002821.770, 159.0
Trd, 002821.920, 152
Trd, 002822.380, 158
Trd, 002822.480, 159
Trd, 002823.000, 158.0
Trd, 002823.060, 159
Trd, 002823.520, 154
Trd, 002823.530, 159
Trd, 002824.130, 160
Trd, 002824.360, 160
Trd, 002824.470, 161
Trd, 002825.690, 152
Trd, 002829.170, 151.0
Trd, 002836.820, 153
Trd, 002845.500, 162.0
Trd, 002847.780, 143.0
Trd, 002851.840, 171
Trd, 002851.900, 171
Trd, 002852.090, 171
Trd, 002852.100, 172
Trd, 002852.110, 159.0
Trd, 002852.130, 174.0
Trd, 002852.360, 164
Trd, 002852.410, 161.0
Trd, 002853.410, 153
Trd, 002853.640, 157
Trd, 002856.340, 153
Trd, 002856.740, 157
Trd, 002859.160, 158
Trd, 002861.480, 158.0
Trd, 002868.740, 151.0
Trd, 002881.730, 151.0
Trd, 002881.860, 158
Trd, 002882.120, 161.0
Trd, 002882.140, 159.0
Trd, 002882.300, 173
Trd, 002882.350, 151
Trd, 002882.710, 157
Trd, 002883.320, 159
Trd, 002883.390, 162.0
Trd, 002884.100, 143.0
Trd, 002884.430, 147
Trd, 002884.560, 141.0
Trd, 002885.540, 148
Trd, 002886.160, 152
Trd, 002890.380, 152
Trd, 002893.760, 162
Trd, 002911.770, 158.0
Trd, 002911.860, 161.0
Trd, 002912.220, 161
Trd, 002912.380, 156
Trd, 002912.510, 162.0
Trd, 002912.760, 154
Trd, 002912.900, 158
Trd, 002913.310, 154
Trd, 002914.920, 156
Trd, 002915.660, 151.0
Trd, 002916.820, 157
Trd, 002918.570, 158
Trd, 002919.250, 162
Trd, 002919.630, 168
Trd, 002933.490, 143.0
Trd, 002937.740, 163
Trd, 002941.640, 130.0
Trd, 002941.710, 147.0
Trd, 002941.940, 158.0
Trd, 002942.050, 149
Trd, 002942.330, 141.0
Trd, 002943.080, 158
Trd, 002943.130, 149
Trd, 002943.530, 154
Trd, 002943.560, 157
Trd, 002943.590, 162.0
Trd, 002943.960, 160
Trd, 002946.080, 153
Trd, 002946.940, 153
Trd, 002947.130, 160
Trd, 002951.940, 161
Trd, 002964.100, 143.0
Trd, 002971.790, 156
Trd, 002971.800, 151
Trd, 002971.990, 156
Trd, 002972.110, 151.0
Trd, 002972.630, 158.0
Trd, 002973.000, 159
Trd, 002973.440, 154
Trd, 002973.630, 159
Trd, 002973.690, 150
Trd, 002973.860, 150
Trd, 002974.300, 147
Trd, 002974.370, 161
Trd, 002977.670, 153
Trd, 002977.710, 160
Trd, 002981.500, 159
Trd, 002995.770, 162.0
Trd, 003000.950, 167
Trd, 003001.680, 156
Trd, 003001.830, 156
Trd, 003002.110, 158
Trd, 003002.610, 158.0
Trd, 003002.770, 158
Trd, 003003.410, 152
Trd, 003003.510, 151.0
Trd, 003004.480, 155
Trd, 003005.300, 149
Trd, 003006.040, 155
Trd, 003010.030, 156
Trd, 003021.180, 157
Trd, 003029.300, 150
Trd, 003031.670, 174.0
Trd, 003031.800, 158.0
Trd, 003032.080, 159.0
Trd, 003032.130, 161
Trd, 003032.330, 160
Trd, 003032.500, 162
Trd, 003032.730, 152
Trd, 003032.880, 158
Trd, 003033.440, 150
Trd, 003033.530, 162.0
Trd, 003033.740, 143.0
Trd, 003033.780, 165
Trd, 003037.500, 161
Trd, 003037.560, 151
Trd, 003052.520, 151.0
Trd, 003054.690, 148
Trd, 003061.780, 178
Trd, 003061.890, 167
Trd, 003062.080, 166
Trd, 003062.200, 168
Trd, 003062.340, 161.0
Trd, 003062.490, 159.0
Trd, 003062.540, 162.0
Trd, 003062.980, 159
Trd, 003066.140, 153
Trd, 003066.820, 156
Trd, 003070.190, 155
Trd, 003071.260, 155
Trd, 003076.520, 155
Trd, 003083.000, 151.0
Trd, 003087.090, 157
Trd, 003089.280, 148
Trd, 003091.730, 157
Trd, 003091.820, 130.0
Trd, 003091.940, 174.0
Trd, 003092.070, 161.0
Trd, 003092.370, 170
Trd, 003092.440, 174.0
Trd, 003092.770, 158.0
Trd, 003092.840, 159
Trd, 003092.990, 152
Trd, 003093.310, 161
Trd, 003094.080, 159
Trd, 003094.120, 159
Trd, 003095.060, 160
Trd, 003095.380, 151.0
Trd, 003096.180, 147
Trd, 003096.770, 160
Trd, 003121.790, 155
Trd, 003121.910, 161
Trd, 003122.050, 159.0
Trd, 003122.290, 160
Trd, 003122.380, 143.0
Trd, 003122.690, 157
Trd, 003123.140, 151.0
Trd, 003123.210, 156
Trd, 003123.890, 157
Trd, 003124.240, 148
Trd, 003124.250, 157
Trd, 003125.020, 161
Trd, 003128.440, 149
Trd, 003133.460, 158.0
Trd, 003140.270, 162.0
Trd, 003148.840, 150
Trd, 003151.720, 141.0
Trd, 003151.820, 143.0
Trd, 003151.920, 147.0
Trd, 003151.990, 152
Trd, 003152.320, 162.0
Trd, 003152.480, 174.0
Trd, 003152.900, 159.0
Trd, 003153.270, 143
Trd, 003155.200, 155
Trd, 003155.280, 141.0
Trd, 003155.870, 172
Trd, 003157.030, 170
Trd, 003158.880, 151.0
Trd, 003162.240, 147
Trd, 003162.490, 150
Trd, 003169.690, 152
Trd, 003181.950, 152
Trd, 003182.070, 158
Trd, 003182.240, 151.0
Trd, 003182.260, 161.0
Trd, 003182.360, 166
Trd, 003182.510, 151
Trd, 003182.650, 158.0
Trd, 003182.930, 158
Trd, 003183.200, 159
Trd, 003183.380, 160
Trd, 003183.980, 162.0
Trd, 003185.830, 164
Trd, 003186.560, 153
Trd, 003186.570, 162
Trd, 003211.960, 153
Trd, 003212.090, 152
Trd, 003212.300, 151.0
Trd, 003212.510, 156
Trd, 003212.710, 143.0
Trd, 003212.830, 141.0
Trd, 003212.840, 157
Trd, 003213.090, 157
Trd, 003213.180, 158.0
Trd, 003213.490, 161
Trd, 003214.370, 141.0
Trd, 003215.000, 162.0
Trd, 003215.030, 166
Trd, 003215.120, 167
Trd, 003217.510, 158
Trd, 003217.860, 158
Trd, 003229.180, 153
Trd, 003241.790, 130.0
Trd, 003241.980, 147.0
Trd, 003242.070, 158.0
Trd, 003243.030, 162.0
Trd, 003243.140, 161.0
Trd, 003244.530, 159.0
Trd, 003244.610, 174.0
Trd, 003244.980, 172
Trd, 003246.670, 167
Trd, 003246.730, 161
Trd, 003248.030, 160
Trd, 003249.410, 151.0
Trd, 003253.180, 154
Trd, 003254.370, 143.0
Trd, 003257.300, 153
Trd, 003260.900, 141.0
Trd, 003271.770, 132
Trd, 003271.960, 146
Trd, 003272.050, 147.0
Trd, 003272.250, 162.0
Trd, 003273.240, 157
Trd, 003273.250, 160
Trd, 003273.750, 163
Trd, 003276.860, 152
Trd, 003277.800, 157
Trd, 003277.830, 158.0
Trd, 003279.640, 158
Trd, 003284.840, 151
Trd, 003289.150, 151.0
Trd, 003290.750, 156
Trd, 003296.400, 157
Trd, 003301.980, 168
Trd, 003302.030, 159.0
Trd, 003302.220, 143.0
Trd, 003302.930, 146
Trd, 003303.250, 147.0
Trd, 003303.720, 146
Trd, 003303.810, 147
Trd, 003304.150, 150
Trd, 003304.620, 141.0
Trd, 003305.380, 152
Trd, 003305.390, 155
Trd, 003305.720, 157
Trd, 003306.970, 150
Trd, 003309.490, 157
Trd, 003310.040, 158.0
Trd, 003311.110, 160
Trd, 003316.970, 146
Trd, 003317.030, 143
Trd, 003331.840, 161.0
Trd, 003332.220, 144
Trd, 003332.340, 147.0
Trd, 003332.440, 150
Trd, 003332.520, 141.0
Trd, 003333.080, 151
Trd, 003333.420, 149
Trd, 003333.720, 150
Trd, 003334.450, 155
Trd, 003335.500, 154
Trd, 003335.520, 155
Trd, 003336.440, 148
Trd, 003336.530, 157
Trd, 003338.830, 158.0
Trd, 003350.420, 154
Trd, 003351.240, 151
Trd, 003361.880, 130.0
Trd, 003361.890, 132
Trd, 003362.560, 142
Trd, 003362.680, 158.0
Trd, 003362.930, 161.0
Trd, 003363.160, 159.0
Trd, 003363.190, 141.0
Trd, 003363.270, 162.0
Trd, 003363.770, 166
Trd, 003364.790, 152
Trd, 003365.500, 163
Trd, 003365.900, 162
Trd, 003377.180, 160
Trd, 003377.210, 155
Trd, 003380.720, 163
Trd, 003390.410, 159
Trd, 003391.800, 186
Trd, 003391.900, 192
Trd, 003391.960, 161.0
Trd, 003392.070, 159.0
Trd, 003392.250, 161
Trd, 003392.390, 162.0
Trd, 003392.540, 151.0
Trd, 003392.790, 164
Trd, 003393.870, 151
Trd, 003394.410, 147.0
Trd, 003394.430, 157
Trd, 003395.360, 154
Trd, 003396.330, 143.0
Trd, 003399.240, 155
Trd, 003400.370, 155
Trd, 003402.520, 158.0
Trd, 003410.790, 155
Trd, 003421.880, 174.0
Trd, 003421.940, 161
Trd, 003422.080, 160
Trd, 003422.100, 159.0
Trd, 003422.390, 156
Trd, 003422.530, 161
Trd, 003422.640, 151.0
Trd, 003422.730, 146
Trd, 003422.770, 162.0
Trd, 003422.790, 143.0
Trd, 003423.540, 156
Trd, 003424.150, 155
Trd, 003425.620, 155
Trd, 003426.230, 151
Trd, 003431.030, 150
Trd, 003433.360, 141.0
Trd, 003451.840, 159.0
Trd, 003451.980, 161.0
Trd, 003452.010, 141
Trd, 003452.110, 143.0
Trd, 003452.190, 159
Trd, 003452.350, 161
Trd, 003452.560, 151.0
Trd, 003452.670, 162
Trd, 003453.270, 160
Trd, 003453.420, 162.0
Trd, 003454.560, 158.0
Trd, 003454.600, 152
Trd, 003455.020, 158
Trd, 003457.200, 149
Trd, 003457.330, 153
Trd, 003461.370, 154
Trd, 003468.810, 167
Trd, 003469.230, 149
Trd, 003473.360, 141.0
Trd, 003482.020, 164
Trd, 003482.090, 147.0
Trd, 003482.450, 153
Trd, 003482.610, 157
Trd, 003483.300, 152
Trd, 003483.340, 150
Trd, 003483.900, 151.0
Trd, 003484.780, 154
Trd, 003484.990, 154
Trd, 003485.230, 155
Trd, 003485.610, 158.0
Trd, 003488.490, 158
Trd, 003488.860, 153
Trd, 003492.240, 154
Trd, 003501.950, 160
Trd, 003502.570, 143.0
Trd, 003505.540, 162.0
Trd, 003508.190, 141.0
Trd, 003511.860, 161
Trd, 003511.970, 174.0
Trd, 003512.070, 172
Trd, 003512.110, 170
Trd, 003512.240, 154
Trd, 003512.930, 154
Trd, 003513.710, 154
Trd, 003514.000, 153
Trd, 003514.390, 155
Trd, 003514.680, 151.0
Trd, 003514.890, 149
Trd, 003515.620, 155
Trd, 003515.780, 154
Trd, 003517.170, 155
Trd, 003518.890, 159
Trd, 003520.220, 162
Trd, 003533.870, 149
Trd, 003541.980, 137
Trd, 003542.260, 147
Trd, 003542.440, 150
Trd, 003542.450, 144
Trd, 003542.510, 155
Trd, 003542.550, 155
Trd, 003542.720, 157
Trd, 003542.970, 157
Trd, 003543.200, 151
Trd, 003543.410, 147
Trd, 003543.800, 158
Trd, 003545.040, 149
Trd, 003545.210, 147
Trd, 003546.320, 158.0
Trd, 003546.980, 160
Trd, 003550.120, 162.0
Trd, 003556.160, 160
Trd, 003564.040, 152
Trd, 003570.060, 143.0
Trd, 003571.950, 147.0
Trd, 003572.110, 143.0
Trd, 003572.250, 150
Trd, 003572.270, 153
Trd, 003572.380, 155
Trd, 003572.500, 154
Trd, 003572.640, 156
Trd, 003572.820, 157
Trd, 003572.920, 151.0
Trd, 003574.040, 156
Trd, 003577.250, 155
Trd, 003579.990, 150
Trd, 003583.230, 156
Trd, 003583.570, 149
Trd, 003597.430, 158.0
Trd, 003598.660, 160
Trd, 003602.150, 159
Trd, 003602.250, 167
Trd, 003602.380, 141.0
Trd, 003603.330, 151.0
Trd, 003603.460, 155
Trd, 003604.070, 149
Trd, 003604.170, 150
Trd, 003604.720, 152
Trd, 003604.880, 153
Trd, 003605.450, 156
Trd, 003605.610, 157
Trd, 003605.970, 152
Trd, 003607.780, 158.0
Trd, 003607.940, 160
Trd, 003610.780, 150
Trd, 003611.530, 143.0
Trd, 003632.090, 153
Trd, 003632.170, 148
Trd, 003632.210, 141.0
Trd, 003632.330, 158.0
Trd, 003632.440, 151.0
Trd, 003632.570, 157
Trd, 003632.770, 162.0
Trd, 003633.170, 167
Trd, 003633.500, 174.0
Trd, 003633.550, 169
Trd, 003634.210, 156
Trd, 003636.720, 151
Trd, 003637.090, 157
Trd, 003637.110, 157
Trd, 003637.730, 160
Trd, 003638.070, 155
Trd, 003647.460, 153
Trd, 003662.020, 161.0
Trd, 003662.120, 141.0
Trd, 003662.400, 147.0
Trd, 003662.440, 148
Trd, 003662.670, 151
Trd, 003662.750, 152
Trd, 003663.140, 152
Trd, 003663.390, 158.0
Trd, 003664.210, 151.0
Trd, 003665.960, 161
Trd, 003667.020, 161
Trd, 003667.650, 150
Trd, 003676.550, 154
Trd, 003678.540, 162.0
Trd, 003680.430, 141.0
Trd, 003683.930, 161
Trd, 003690.750, 167
Trd, 003692.060, 169
Trd, 003692.080, 162.0
Trd, 003692.270, 158.0
Trd, 003692.730, 158
Trd, 003692.790, 167
Trd, 003693.020, 158
Trd, 003693.490, 156
Trd, 003693.580, 151.0
Trd, 003693.960, 157
Trd, 003694.070, 158
Trd, 003694.130, 143.0
Trd, 003695.970, 160
Trd, 003696.130, 161
Trd, 003696.180, 155
Trd, 003696.600, 152
Trd, 003699.410, 146
Trd, 003702.110, 144
Trd, 003714.930, 156
Trd, 003722.030, 159.0
Trd, 003722.230, 157
Trd, 003722.360, 158.0
Trd, 003722.380, 151.0
Trd, 003722.490, 160
Trd, 003722.680, 156
Trd, 003722.710, 160
Trd, 003722.940, 161
Trd, 003723.230, 157
Trd, 003724.050, 158
Trd, 003726.650, 151
Trd, 003728.520, 149
Trd, 003732.490, 158
Trd, 003740.440, 162.0
Trd, 003742.010, 150
Trd, 003745.900, 148
Trd, 003750.770, 143.0
Trd, 003752.000, 174.0
Trd, 003752.030, 159.0
Trd, 003752.170, 162.0
Trd, 003752.280, 167
Trd, 003752.400, 147.0
Trd, 003752.560, 151.0
Trd, 003752.590, 153
Trd, 003752.730, 154
Trd, 003753.150, 161
Trd, 003753.340, 153
Trd, 003754.150, 150
Trd, 003756.370, 158.0
Trd, 003756.630, 159
Trd, 003757.130, 143.0
Trd, 003758.810, 162
Trd, 003763.800, 165
Trd, 003771.210, 151
Trd, 003773.860, 173
Trd, 003782.030, 153
Trd, 003782.440, 154
Trd, 003782.700, 154
Trd, 003783.070, 153
Trd, 003783.110, 151.0
Trd, 003783.210, 155
Trd, 003783.270, 143.0
Trd, 003783.510, 158
Trd, 003783.920, 158.0
Trd, 003784.360, 161
Trd, 003784.770, 157
Trd, 003785.490, 162.0
Trd, 003785.860, 141.0
Trd, 003787.050, 147.0
Trd, 003788.440, 167
Trd, 003789.360, 147
Trd, 003791.210, 150
Trd, 003802.840, 150
Trd, 003811.970, 147.0
Trd, 003812.200, 169
Trd, 003812.710, 162
Trd, 003812.780, 174.0
Trd, 003813.190, 161.0
Trd, 003813.250, 159.0
Trd, 003813.420, 159
Trd, 003813.510, 152
Trd, 003815.390, 151.0
Trd, 003815.920, 162.0
Trd, 003817.730, 153
Trd, 003818.270, 155
Trd, 003818.770, 157
Trd, 003822.490, 156
Trd, 003827.310, 157
Trd, 003828.840, 148
Trd, 003834.300, 144
Trd, 003842.000, 160
Trd, 003842.110, 179
Trd, 003842.260, 160
Trd, 003842.280, 159.0
Trd, 003842.750, 150
Trd, 003842.810, 161
Trd, 003842.920, 156
Trd, 003843.110, 145
Trd, 003843.630, 151
Trd, 003844.450, 151
Trd, 003844.530, 153
Trd, 003847.210, 162.0
Trd, 003847.770, 152
Trd, 003848.470, 161
Trd, 003854.500, 151
Trd, 003871.960, 155
Trd, 003871.980, 162.0
Trd, 003872.440, 161
Trd, 003872.520, 159.0
Trd, 003872.610, 153
Trd, 003872.800, 158.0
Trd, 003872.810, 161
Trd, 003873.130, 151
Trd, 003874.400, 151.0
Trd, 003874.430, 158
Trd, 003875.280, 155
Trd, 003875.290, 160
Trd, 003876.390, 143.0
Trd, 003876.770, 163
Trd, 003877.050, 167
Trd, 003886.680, 156
Trd, 003902.040, 141
Trd, 003902.060, 154
Trd, 003902.090, 158
Trd, 003902.150, 161.0
Trd, 003902.670, 157
Trd, 003902.680, 158.0
Trd, 003902.840, 167
Trd, 003902.990, 155
Trd, 003903.600, 156
Trd, 003903.640, 174.0
Trd, 003905.130, 159.0
Trd, 003906.020, 158
Trd, 003908.900, 151.0
Trd, 003909.920, 162
Trd, 003917.680, 155
Trd, 003920.440, 143.0
Trd, 003932.070, 152
Trd, 003932.320, 141.0
Trd, 003932.370, 150
Trd, 003932.390, 153
Trd, 003932.500, 155
Trd, 003932.750, 143.0
Trd, 003933.050, 157
Trd, 003933.240, 158.0
Trd, 003933.520, 155
Trd, 003933.910, 151
Trd, 003934.760, 152
Trd, 003935.550, 155
Trd, 003936.750, 161
Trd, 003938.200, 152
Trd, 003944.230, 148
Trd, 003960.250, 156
Trd, 003962.040, 161.0
Trd, 003962.180, 155
Trd, 003962.270, 159
Trd, 003962.550, 151.0
Trd, 003962.970, 150
Trd, 003963.000, 161
Trd, 003963.030, 162
Trd, 003963.320, 159.0
Trd, 003963.770, 161
Trd, 003966.880, 162.0
Trd, 003966.910, 154
Trd, 003967.980, 150
Trd, 003969.690, 160
Trd, 003973.910, 160
Trd, 003992.160, 130.0
Trd, 003992.200, 144
Trd, 003992.730, 155
Trd, 003993.010, 151
Trd, 003993.120, 155
Trd, 003993.260, 157
Trd, 003993.300, 148
Trd, 003993.440, 158
Trd, 003993.650, 158.0
Trd, 003994.330, 148
Trd, 003994.840, 160
Trd, 003995.020, 143.0
Trd, 003996.110, 141.0
Trd, 003997.060, 152
Trd, 004002.740, 150.0
Trd, 004002.870, 154.0
Trd, 004004.700, 160
Trd, 004008.330, 162.0
Trd, 004019.620, 167
Trd, 004022.030, 159
Trd, 004022.080, 165
Trd, 004022.130, 171
Trd, 004022.340, 158.0
Trd, 004022.430, 165
Trd, 004022.780, 159
Trd, 004022.830, 161.0
Trd, 004022.850, 162.0
Trd, 004023.140, 161.0
Trd, 004023.610, 163
Trd, 004023.650, 163
Trd, 004023.770, 160
Trd, 004024.600, 163
Trd, 004025.160, 159.0
Trd, 004025.340, 151.0
Trd, 004025.800, 163
Trd, 004047.140, 154
Trd, 004049.510, 149
Trd, 004052.010, 163
Trd, 004052.240, 155.0
Trd, 004052.620, 155
Trd, 004052.630, 156
Trd, 004052.960, 153
Trd, 004053.120, 151.0
Trd, 004053.440, 149
Trd, 004053.900, 147
Trd, 004055.230, 153
Trd, 004055.810, 152
Trd, 004056.970, 154
Trd, 004058.350, 158.0
Trd, 004060.160, 154
Trd, 004060.550, 158
Trd, 004064.470, 162.0
Trd, 004080.070, 153
Trd, 004082.570, 156
Trd, 004082.750, 157
Trd, 004082.820, 157
Trd, 004082.940, 154
Trd, 004083.120, 153
Trd, 004083.130, 158
Trd, 004083.190, 160
Trd, 004083.410, 155
Trd, 004083.500, 152
Trd, 004084.740, 154
Trd, 004085.050, 153
Trd, 004085.630, 154
Trd, 004087.050, 152
Trd, 004087.930, 156
Trd, 004088.240, 158.0
Trd, 004097.810, 154
Trd, 004104.730, 151.0
Trd, 004109.830, 162.0
Trd, 004110.950, 155
Trd, 004112.080, 173
Trd, 004112.200, 162
Trd, 004112.210, 155
Trd, 004112.270, 143
Trd, 004112.850, 165
Trd, 004113.020, 165
Trd, 004113.280, 167.0
Trd, 004113.820, 161.0
Trd, 004113.840, 159.0
Trd, 004115.040, 161
Trd, 004115.720, 161
Trd, 004116.700, 158
Trd, 004117.090, 154
Trd, 004119.750, 161
Trd, 004122.880, 160
Trd, 004135.290, 153
Trd, 004138.050, 151.0
Trd, 004142.190, 166
Trd, 004142.300, 151.0
Trd, 004142.500, 153.0
Trd, 004142.590, 157
Trd, 004142.860, 159.0
Trd, 004143.240, 160
Trd, 004143.260, 154
Trd, 004143.330, 162.0
Trd, 004143.460, 167
Trd, 004143.800, 161.0
Trd, 004144.210, 144
Trd, 004144.300, 164
Trd, 004144.320, 166
Trd, 004145.480, 157
Trd, 004148.200, 158
Trd, 004151.910, 149
Trd, 004162.670, 147
Trd, 004169.830, 157
Trd, 004172.180, 173
Trd, 004172.370, 162.0
Trd, 004172.430, 163
Trd, 004172.450, 159.0
Trd, 004172.540, 151.0
Trd, 004172.880, 161.0
Trd, 004173.570, 155
Trd, 004173.650, 156
Trd, 004173.950, 158
Trd, 004173.980, 160
Trd, 004174.080, 155
Trd, 004174.370, 153
Trd, 004174.630, 160
Trd, 004174.730, 148
Trd, 004174.780, 161
Trd, 004174.810, 162.0
Trd, 004177.890, 163
Trd, 004184.930, 143.0
Trd, 004187.550, 141.0
Trd, 004202.250, 163
Trd, 004202.370, 158.0
Trd, 004202.480, 154
Trd, 004202.510, 159.0
Trd, 004202.640, 160
Trd, 004202.760, 154.0
Trd, 004202.970, 163
Trd, 004203.250, 154.0
Trd, 004203.480, 167.0
Trd, 004203.800, 168
Trd, 004204.970, 162.0
Trd, 004208.740, 161
Trd, 004212.920, 155
Trd, 004213.860, 161
Trd, 004218.910, 158
Trd, 004221.510, 151.0
Trd, 004223.830, 160
Trd, 004232.180, 161.0
Trd, 004232.210, 145
Trd, 004232.350, 151.0
Trd, 004232.460, 156
Trd, 004232.540, 157
Trd, 004232.630, 167.0
Trd, 004232.840, 161
Trd, 004233.360, 160
Trd, 004233.510, 161
Trd, 004233.580, 156
Trd, 004234.590, 160
Trd, 004234.660, 161
Trd, 004235.500, 157
Trd, 004235.940, 162.0
Trd, 004237.780, 167
Trd, 004240.060, 154
Trd, 004242.110, 155
Trd, 004245.970, 143.0
Trd, 004246.380, 145
Trd, 004262.160, 158.0
Trd, 004262.310, 154.0
Trd, 004262.480, 154
Trd, 004262.670, 151.0
Trd, 004262.930, 151
Trd, 004263.070, 148
Trd, 004263.200, 152
Trd, 004263.400, 151
Trd, 004263.490, 152
Trd, 004263.960, 154
Trd, 004264.360, 152
Trd, 004264.820, 154
Trd, 004264.840, 157
Trd, 004265.950, 159
Trd, 004266.240, 152
Trd, 004271.370, 153
Trd, 004277.910, 160
Trd, 004283.710, 143.0
Trd, 004288.910, 162.0
Trd, 004292.140, 174.0
Trd, 004292.270, 159
Trd, 004292.410, 162
Trd, 004293.190, 157
Trd, 004293.200, 158
Trd, 004293.260, 158
Trd, 004293.290, 155
Trd, 004293.320, 161
Trd, 004293.440, 161
Trd, 004293.640, 154
Trd, 004294.160, 161
Trd, 004297.470, 157
Trd, 004297.580, 151.0
Trd, 004300.260, 150
Trd, 004300.420, 161
Trd, 004309.210, 161
Trd, 004311.980, 152
Trd, 004315.970, 162.0
Trd, 004322.190, 147.0
Trd, 004322.330, 151
Trd, 004322.580, 154
Trd, 004322.710, 149
Trd, 004322.720, 148
Trd, 004322.830, 144
Trd, 004322.960, 154.0
Trd, 004323.040, 151.0
Trd, 004323.280, 155
Trd, 004323.370, 158.0
Trd, 004323.460, 144
Trd, 004324.200, 159
Trd, 004324.790, 151
Trd, 004329.340, 160
Trd, 004329.410, 160
Trd, 004330.320, 159.0
Trd, 004330.410, 143.0
Trd, 004336.940, 150
Trd, 004341.210, 159
Trd, 004352.210, 175
Trd, 004352.410, 147.0
Trd, 004352.590, 155
Trd, 004352.850, 158.0
Trd, 004353.460, 157
Trd, 004353.540, 153
Trd, 004353.870, 154.0
Trd, 004353.950, 157
Trd, 004354.720, 158
Trd, 004355.590, 158
Trd, 004356.470, 158
Trd, 004358.510, 151.0
Trd, 004359.020, 160
Trd, 004359.080, 162.0
Trd, 004364.330, 148
Trd, 004364.800, 143.0
Trd, 004377.910, 153
Trd, 004380.820, 152
Trd, 004381.270, 167
Trd, 004382.230, 153
Trd, 004382.260, 160
Trd, 004382.560, 162.0
Trd, 004382.610, 151.0
Trd, 004382.720, 143.0
Trd, 004383.180, 161.0
Trd, 004383.380, 159.0
Trd, 004383.440, 161
Trd, 004383.520, 162
Trd, 004383.560, 155
Trd, 004384.540, 155
Trd, 004384.580, 158.0
Trd, 004386.310, 152
Trd, 004386.750, 141.0
Trd, 004389.890, 150
Trd, 004390.600, 153
Trd, 004393.880, 159
Trd, 004409.810, 167
Trd, 004411.430, 170.0
Trd, 004412.330, 162.0
Trd, 004412.400, 161.0
Trd, 004412.440, 159
Trd, 004412.760, 151.0
Trd, 004412.850, 145
Trd, 004413.260, 148
Trd, 004413.400, 150
Trd, 004413.420, 151
Trd, 004413.640, 143.0
Trd, 004414.170, 153
Trd, 004414.260, 157
Trd, 004415.260, 157
Trd, 004415.840, 156
Trd, 004416.950, 158
Trd, 004420.590, 161
Trd, 004423.630, 160
Trd, 004423.820, 151
Trd, 004424.380, 153
Trd, 004426.690, 154
Trd, 004442.190, 157
Trd, 004442.230, 143.0
Trd, 004442.310, 161
Trd, 004442.540, 162.0
Trd, 004442.590, 159
Trd, 004443.020, 160.0
Trd, 004443.350, 155
Trd, 004443.610, 158.0
Trd, 004444.640, 151.0
Trd, 004444.970, 156
Trd, 004445.430, 152
Trd, 004445.670, 146.0
Trd, 004445.920, 157
Trd, 004447.670, 154
Trd, 004450.840, 154
Trd, 004450.880, 162
Trd, 004452.300, 167
Trd, 004460.620, 141.0
Trd, 004464.160, 154
Trd, 004472.170, 157
Trd, 004472.240, 141
Trd, 004472.460, 140
Trd, 004472.800, 148
Trd, 004472.830, 147
Trd, 004472.950, 151
Trd, 004473.080, 150
Trd, 004473.300, 152
Trd, 004473.310, 146.0
Trd, 004473.360, 153
Trd, 004474.050, 154.0
Trd, 004474.840, 152
Trd, 004475.470, 155
Trd, 004475.700, 151.0
Trd, 004476.010, 157
Trd, 004479.010, 158.0
Trd, 004481.830, 160
Trd, 004484.570, 162.0
Trd, 004502.220, 158.0
Trd, 004502.300, 169
Trd, 004502.350, 174.0
Trd, 004502.540, 151.0
Trd, 004503.050, 163
Trd, 004503.410, 162
Trd, 004503.940, 162.0
Trd, 004504.970, 161.0
Trd, 004505.110, 158
Trd, 004505.170, 158
Trd, 004505.870, 158
Trd, 004506.990, 158
Trd, 004507.070, 158
Trd, 004507.760, 156
Trd, 004508.200, 143.0
Trd, 004510.130, 141.0
Trd, 004510.410, 160
Trd, 004513.110, 156
Trd, 004515.550, 145
Trd, 004519.410, 150
Trd, 004532.320, 150
Trd, 004532.600, 156
Trd, 004532.630, 155
Trd, 004532.690, 157
Trd, 004532.760, 157
Trd, 004532.910, 149
Trd, 004532.950, 158.0
Trd, 004533.300, 141.0
Trd, 004533.310, 149
Trd, 004534.020, 154
Trd, 004534.380, 151.0
Trd, 004534.470, 154.0
Trd, 004535.600, 159
Trd, 004536.380, 150
Trd, 004537.710, 143.0
Trd, 004538.450, 136
Trd, 004547.060, 160
Trd, 004550.600, 157
Trd, 004562.260, 171
Trd, 004562.460, 158
Trd, 004562.570, 154.0
Trd, 004562.660, 158
Trd, 004562.920, 159
Trd, 004563.060, 153
Trd, 004563.150, 160
Trd, 004563.480, 160
Trd, 004563.930, 154
Trd, 004564.000, 151.0
Trd, 004564.250, 154
Trd, 004564.280, 150
Trd, 004565.260, 149
Trd, 004565.660, 161
Trd, 004565.860, 162.0
Trd, 004566.410, 163
Trd, 004569.820, 164
Trd, 004572.560, 167
Trd, 004592.280, 160
Trd, 004592.300, 170
Trd, 004592.660, 160
Trd, 004592.710, 161.0
Trd, 004592.780, 162
Trd, 004592.810, 159.0
Trd, 004593.040, 158.0
Trd, 004593.170, 151.0
Trd, 004593.190, 142
Trd, 004593.830, 147.0
Trd, 004593.900, 143.0
Trd, 004593.960, 155
Trd, 004594.310, 158
Trd, 004595.540, 141.0
Trd, 004596.780, 157
Trd, 004598.180, 162.0
Trd, 004599.530, 167
Trd, 004604.550, 164
Trd, 004604.890, 146
Trd, 004606.230, 151
Trd, 004616.300, 170.0
Trd, 004622.270, 151.0
Trd, 004622.340, 153
Trd, 004622.350, 168
Trd, 004622.420, 159.0
Trd, 004622.710, 161.0
Trd, 004622.840, 162
Trd, 004623.190, 162
Trd, 004623.280, 162
Trd, 004623.520, 161
Trd, 004623.570, 147
Trd, 004623.780, 143.0
Trd, 004624.180, 159
Trd, 004624.430, 141.0
Trd, 004625.890, 154.0
Trd, 004627.380, 152
Trd, 004628.420, 154
Trd, 004630.740, 152
Trd, 004635.340, 162
Trd, 004640.820, 150
Trd, 004652.360, 154
Trd, 004652.520, 147.0
Trd, 004652.700, 154
Trd, 004652.720, 158
Trd, 004652.860, 163
Trd, 004653.010, 168.0
Trd, 004653.500, 166
Trd, 004653.670, 164
Trd, 004653.690, 161.0
Trd, 004653.780, 164
Trd, 004654.970, 154.0
Trd, 004655.220, 148
Trd, 004655.900, 153
Trd, 004657.000, 153
Trd, 004657.870, 143.0
Trd, 004659.180, 151
Trd, 004668.070, 161
Trd, 004678.010, 162.0
Trd, 004682.300, 156
Trd, 004682.480, 158.0
Trd, 004682.640, 152
Trd, 004682.670, 154
Trd, 004682.760, 157
Trd, 004683.010, 158
Trd, 004683.110, 156
Trd, 004683.490, 162
Trd, 004683.510, 161
Trd, 004683.690, 162.0
Trd, 004684.210, 154
Trd, 004684.750, 161
Trd, 004685.090, 163
Trd, 004686.330, 151.0
Trd, 004691.660, 164
Trd, 004691.990, 161
Trd, 004712.370, 152
Trd, 004712.570, 147.0
Trd, 004712.580, 150
Trd, 004712.640, 152
Trd, 004712.720, 149
Trd, 004712.730, 152
Trd, 004712.740, 154.0
Trd, 004712.830, 151.0
Trd, 004712.910, 158.0
Trd, 004713.120, 143.0
Trd, 004713.230, 154
Trd, 004713.360, 162
Trd, 004714.960, 158
Trd, 004716.370, 154
Trd, 004717.520, 152
Trd, 004721.810, 158
Trd, 004722.390, 161
Trd, 004722.880, 162.0
Trd, 004742.260, 154
Trd, 004742.270, 162
Trd, 004742.370, 148
Trd, 004742.630, 152
Trd, 004742.690, 151.0
Trd, 004742.760, 158
Trd, 004742.910, 158.0
Trd, 004743.000, 162
Trd, 004743.150, 164
Trd, 004743.170, 170.0
Trd, 004744.020, 159.0
Trd, 004744.590, 145
Trd, 004744.650, 147.0
Trd, 004745.040, 143.0
Trd, 004745.750, 147
Trd, 004746.170, 150
Trd, 004748.610, 151
Trd, 004749.440, 141.0
Trd, 004753.710, 162.0
Trd, 004760.350, 145
Trd, 004764.570, 167
Trd, 004772.460, 165
Trd, 004772.490, 167
Trd, 004772.510, 159.0
Trd, 004772.620, 162.0
Trd, 004772.710, 163
Trd, 004772.740, 154
Trd, 004773.230, 151.0
Trd, 004773.320, 153
Trd, 004773.370, 151
Trd, 004774.210, 143.0
Trd, 004774.330, 148
Trd, 004774.740, 152
Trd, 004777.460, 153
Trd, 004778.170, 151
Trd, 004778.580, 151
Trd, 004778.940, 154.0
Trd, 004779.490, 158
Trd, 004779.890, 158.0
Trd, 004782.260, 144
Trd, 004785.030, 141.0
Trd, 004800.510, 153
Trd, 004802.410, 152
Trd, 004802.510, 156
Trd, 004802.640, 159
Trd, 004802.830, 156.0
Trd, 004803.030, 162.0
Trd, 004803.410, 159.0
Trd, 004803.650, 158
Trd, 004803.680, 160
Trd, 004803.710, 153
Trd, 004804.350, 158
Trd, 004805.280, 158.0
Trd, 004806.370, 155
Trd, 004806.690, 157
Trd, 004806.810, 159
Trd, 004806.870, 160
Trd, 004810.840, 161
Trd, 004817.520, 151.0
Trd, 004832.370, 168
Trd, 004832.470, 161.0
Trd, 004832.590, 170
Trd, 004832.790, 155.0
Trd, 004833.020, 154
Trd, 004833.550, 158.0
Trd, 004833.660, 162.0
Trd, 004834.070, 156
Trd, 004834.770, 151.0
Trd, 004834.970, 151
Trd, 004836.590, 170.0
Trd, 004837.390, 167
Trd, 004840.200, 174.0
Trd, 004841.530, 159.0
Trd, 004846.540, 143.0
Trd, 004852.890, 154
Trd, 004859.410, 141.0
Trd, 004860.930, 151
Trd, 004862.390, 182.0
Trd, 004862.420, 169
Trd, 004862.470, 174.0
Trd, 004862.650, 169
Trd, 004862.680, 178.0
Trd, 004862.730, 159
Trd, 004862.890, 152
Trd, 004863.180, 144.0
Trd, 004863.660, 147.0
Trd, 004864.200, 152
Trd, 004864.400, 152
Trd, 004865.340, 151.0
Trd, 004866.060, 143.0
Trd, 004866.240, 154.0
Trd, 004866.890, 158.0
Trd, 004872.720, 152
Trd, 004883.180, 160
Trd, 004890.690, 145
Trd, 004892.420, 144.0
Trd, 004892.460, 150
Trd, 004892.760, 158.0
Trd, 004892.790, 160
Trd, 004893.190, 159.0
Trd, 004893.420, 152.0
Trd, 004893.430, 162.0
Trd, 004893.580, 155
Trd, 004893.870, 157
Trd, 004893.940, 151
Trd, 004895.210, 154.0
Trd, 004896.420, 153
Trd, 004896.590, 151
Trd, 004896.860, 145
Trd, 004898.460, 155
Trd, 004898.650, 158
Trd, 004901.710, 153
Trd, 004905.380, 143.0
Trd, 004911.360, 158
Trd, 004916.650, 141.0
Trd, 004922.350, 170.0
Trd, 004922.550, 159
Trd, 004922.730, 153
Trd, 004922.760, 154
Trd, 004922.850, 161.0
Trd, 004922.860, 148
Trd, 004923.100, 154.0
Trd, 004923.140, 163
Trd, 004923.340, 147
Trd, 004923.790, 143.0
Trd, 004923.810, 153
Trd, 004924.000, 151.0
Trd, 004924.460, 144
Trd, 004924.840, 151
Trd, 004927.240, 152
Trd, 004931.240, 152
Trd, 004934.850, 158.0
Trd, 004938.310, 141.0
Trd, 004952.420, 161.0
Trd, 004952.470, 159.0
Trd, 004952.520, 151
Trd, 004952.610, 178
Trd, 004952.640, 173
Trd, 004952.690, 135
Trd, 004952.840, 141.0
Trd, 004953.240, 156
Trd, 004953.490, 143.0
Trd, 004954.250, 154
Trd, 004954.660, 162.0
Trd, 004955.210, 157
Trd, 004955.790, 151
Trd, 004956.500, 156
Trd, 004959.030, 152
Trd, 004966.790, 158.0
Trd, 004968.020, 151.0
Trd, 004972.780, 160
Trd, 004973.540, 167
Trd, 004979.250, 141.0
Trd, 004982.330, 154.0
Trd, 004982.420, 169
Trd, 004982.440, 150
Trd, 004982.530, 170
Trd, 004982.550, 174
Trd, 004983.370, 147.0
Trd, 004983.470, 152
Trd, 004983.690, 143.0
Trd, 004984.180, 152
Trd, 004984.250, 151.0
Trd, 004984.340, 158.0
Trd, 004984.360, 160
Trd, 004985.370, 159.0
Trd, 004985.620, 160
Trd, 004988.610, 152
Trd, 004988.980, 149
Trd, 004988.990, 161
Trd, 004991.950, 146
Trd, 004999.840, 162.0
