Trd, 000030.020, 199
Trd, 000030.520, 173
Trd, 000030.590, 164
Trd, 000030.730, 163
Trd, 000031.040, 149
Trd, 000031.450, 163
Trd, 000031.680, 156
Trd, 000032.880, 164
Trd, 000042.920, 167
Trd, 000045.950, 163
Trd, 000046.980, 158
Trd, 000047.800, 163
Trd, 000050.240, 155
Trd, 000050.770, 153
Trd, 000051.170, 146
Trd, 000060.080, 146
Trd, 000060.150, 164
Trd, 000060.470, 162
Trd, 000060.630, 166
Trd, 000060.750, 180
Trd, 000060.830, 158
Trd, 000061.230, 167
Trd, 000061.350, 162
Trd, 000061.520, 181
Trd, 000062.120, 166
Trd, 000062.380, 164
Trd, 000065.070, 164
Trd, 000065.260, 166
Trd, 000066.720, 171
Trd, 000090.150, 184
Trd, 000090.180, 172
Trd, 000090.250, 198
Trd, 000090.520, 195
Trd, 000090.730, 182
Trd, 000090.780, 181
Trd, 000091.160, 181
Trd, 000091.760, 171
Trd, 000091.850, 180
Trd, 000092.050, 165
Trd, 000092.310, 181
Trd, 000095.420, 172
Trd, 000097.870, 172
Trd, 000103.010, 169
Trd, 000119.120, 177
Trd, 000120.230, 174
Trd, 000120.360, 175
Trd, 000120.450, 160
Trd, 000120.460, 157
Trd, 000120.890, 132
Trd, 000120.910, 149
Trd, 000121.250, 158
Trd, 000121.660, 159
Trd, 000132.780, 157
Trd, 000134.690, 150
Trd, 000143.730, 166
Trd, 000145.950, 168
Trd, 000150.320, 156
Trd, 000150.370, 154
Trd, 000150.390, 173
Trd, 000150.400, 173
Trd, 000150.900, 151
Trd, 000150.960, 164
Trd, 000151.130, 162
Trd, 000151.150, 150
Trd, 000151.390, 162
Trd, 000151.990, 146
Trd, 000152.450, 165
Trd, 000152.660, 159
Trd, 000152.970, 169
Trd, 000180.170, 158
Trd, 000180.180, 173
Trd, 000180.270, 169
Trd, 000180.350, 138
Trd, 000180.440, 162
Trd, 000180.680, 145
Trd, 000180.850, 165
Trd, 000181.230, 147
Trd, 000181.970, 143
Trd, 000182.170, 159
Trd, 000182.390, 142
Trd, 000182.720, 145
Trd, 000183.580, 141
Trd, 000184.140, 139
Trd, 000185.280, 164
Trd, 000185.440, 165
Trd, 000190.550, 155
Trd, 000193.680, 141
Trd, 000210.800, 145
Trd, 000210.810, 146
Trd, 000211.110, 146
Trd, 000211.240, 147
Trd, 000211.500, 153
Trd, 000212.600, 154
Trd, 000212.950, 154
Trd, 000215.400, 143
Trd, 000220.990, 154
Trd, 000232.050, 146
Trd, 000240.400, 175
Trd, 000240.530, 162
Trd, 000240.650, 165
Trd, 000240.810, 157
Trd, 000241.030, 162
Trd, 000241.280, 157
Trd, 000241.530, 160
Trd, 000241.700, 170
Trd, 000241.930, 173
Trd, 000242.000, 152
Trd, 000246.760, 175
Trd, 000256.110, 166
Trd, 000261.600, 168
Trd, 000270.530, 151
Trd, 000270.630, 155
Trd, 000270.890, 143
Trd, 000271.410, 159
Trd, 000272.370, 143
Trd, 000273.800, 152
Trd, 000283.700, 146
Trd, 000292.440, 145
Trd, 000294.590, 147
Trd, 000300.200, 143
Trd, 000300.260, 136
Trd, 000300.460, 146
Trd, 000300.840, 138
Trd, 000300.970, 143
Trd, 000301.200, 137
Trd, 000301.320, 153
Trd, 000302.420, 145
Trd, 000303.170, 151
Trd, 000305.060, 154
Trd, 000308.010, 155
Trd, 000313.100, 156
Trd, 000313.130, 154
Trd, 000323.960, 159
Trd, 000330.240, 156
Trd, 000330.540, 136
Trd, 000331.220, 147
Trd, 000335.770, 154
Trd, 000337.520, 154
Trd, 000337.650, 156
Trd, 000341.950, 155
Trd, 000360.440, 175
Trd, 000360.470, 180
Trd, 000360.490, 134
Trd, 000360.590, 178
Trd, 000360.680, 149
Trd, 000360.830, 142
Trd, 000361.130, 133
Trd, 000362.230, 141
Trd, 000362.250, 131
Trd, 000363.540, 157
Trd, 000364.360, 170
Trd, 000368.110, 153
Trd, 000369.690, 170
Trd, 000374.120, 172
Trd, 000386.350, 148
Trd, 000390.430, 176
Trd, 000390.600, 175
Trd, 000390.660, 144
Trd, 000390.800, 140
Trd, 000390.840, 183
Trd, 000391.510, 142
Trd, 000391.870, 153
Trd, 000392.570, 158
Trd, 000397.930, 172
Trd, 000398.880, 169
Trd, 000403.600, 156
Trd, 000412.980, 147
Trd, 000413.120, 174
Trd, 000420.350, 198
Trd, 000420.470, 159
Trd, 000420.860, 140
Trd, 000420.960, 148
Trd, 000420.980, 154
Trd, 000421.220, 149
Trd, 000421.310, 156
Trd, 000421.510, 165
Trd, 000425.060, 170
Trd, 000438.600, 162
Trd, 000442.970, 157
Trd, 000450.320, 176
Trd, 000450.430, 132
Trd, 000450.580, 176
Trd, 000450.820, 168
Trd, 000451.310, 146
Trd, 000451.360, 140
Trd, 000452.150, 150
Trd, 000453.190, 150
Trd, 000453.550, 151
Trd, 000454.930, 141
Trd, 000458.780, 149
Trd, 000465.210, 161
Trd, 000469.260, 166
Trd, 000480.390, 157
Trd, 000480.600, 173
Trd, 000481.160, 169
Trd, 000481.430, 172
Trd, 000481.840, 177
Trd, 000481.950, 179
Trd, 000482.000, 178
Trd, 000483.010, 171
Trd, 000483.210, 177
Trd, 000488.560, 178
Trd, 000489.140, 166
Trd, 000490.000, 179
Trd, 000491.330, 164
Trd, 000503.790, 165
Trd, 000509.920, 177
Trd, 000510.330, 160
Trd, 000510.560, 145
Trd, 000510.620, 156
Trd, 000510.860, 164
Trd, 000510.960, 166
Trd, 000511.130, 160
Trd, 000511.940, 153
Trd, 000512.500, 152
Trd, 000512.650, 144
Trd, 000540.390, 154
Trd, 000540.510, 167
Trd, 000540.600, 158
Trd, 000540.950, 164
Trd, 000541.320, 166
Trd, 000541.420, 149
Trd, 000541.440, 168
Trd, 000542.080, 156
Trd, 000542.390, 165
Trd, 000542.830, 159
Trd, 000545.100, 166
Trd, 000545.210, 168
Trd, 000545.420, 168
Trd, 000549.430, 169
Trd, 000549.950, 161
Trd, 000552.050, 159
Trd, 000559.140, 149
Trd, 000568.660, 145
Trd, 000570.360, 150
Trd, 000570.700, 150
Trd, 000570.990, 185
Trd, 000571.430, 186
Trd, 000571.460, 185
Trd, 000571.770, 177
Trd, 000572.470, 168
Trd, 000573.120, 174
Trd, 000575.550, 161
Trd, 000576.320, 165
Trd, 000579.410, 157
Trd, 000600.860, 177
Trd, 000600.980, 174
Trd, 000601.390, 168
Trd, 000601.520, 170
Trd, 000601.670, 156
Trd, 000602.040, 160
Trd, 000602.290, 173
Trd, 000602.370, 155
Trd, 000607.130, 158
Trd, 000609.960, 159
Trd, 000610.810, 153
Trd, 000630.740, 142
Trd, 000630.800, 158
Trd, 000631.180, 155
Trd, 000631.300, 155
Trd, 000631.560, 137
Trd, 000631.600, 144
Trd, 000632.150, 137
Trd, 000632.990, 142
Trd, 000633.880, 143
Trd, 000634.340, 144
Trd, 000635.440, 148
Trd, 000636.890, 145
Trd, 000641.760, 142
Trd, 000642.640, 153
Trd, 000660.430, 172
Trd, 000660.690, 168
Trd, 000660.880, 152
Trd, 000660.980, 175
Trd, 000661.060, 180
Trd, 000661.080, 168
Trd, 000661.890, 156
Trd, 000663.550, 167
Trd, 000668.140, 153
Trd, 000671.490, 167
Trd, 000676.150, 152
Trd, 000690.500, 153
Trd, 000690.560, 163
Trd, 000690.820, 181
Trd, 000691.320, 170
Trd, 000691.550, 164
Trd, 000691.810, 164
Trd, 000693.260, 173
Trd, 000694.960, 170
Trd, 000703.670, 177
Trd, 000704.030, 163
Trd, 000720.480, 142
Trd, 000720.620, 135
Trd, 000720.660, 135
Trd, 000720.680, 147
Trd, 000720.880, 161
Trd, 000721.450, 149
Trd, 000721.590, 146
Trd, 000721.730, 137
Trd, 000721.820, 151
Trd, 000722.150, 152
Trd, 000722.990, 147
Trd, 000726.170, 153
Trd, 000750.630, 150
Trd, 000750.650, 134
Trd, 000750.930, 182
Trd, 000751.160, 176
Trd, 000751.290, 173
Trd, 000751.580, 183
Trd, 000751.610, 184
Trd, 000753.110, 171
Trd, 000753.650, 169
Trd, 000754.090, 178
Trd, 000777.190, 166
Trd, 000780.700, 142
Trd, 000780.940, 147
Trd, 000781.130, 150
Trd, 000781.290, 155
Trd, 000781.350, 159
Trd, 000781.600, 163
Trd, 000782.670, 144
Trd, 000783.240, 153
Trd, 000783.250, 157
Trd, 000790.020, 164
Trd, 000799.880, 157
Trd, 000803.230, 164
Trd, 000810.680, 162
Trd, 000810.750, 160
Trd, 000810.810, 166
Trd, 000810.900, 142
Trd, 000811.080, 174
Trd, 000811.100, 168
Trd, 000811.540, 156
Trd, 000811.580, 152
Trd, 000811.610, 165
Trd, 000811.640, 176
Trd, 000811.880, 150
Trd, 000812.820, 145
Trd, 000813.180, 148
Trd, 000815.140, 175
Trd, 000815.910, 180
Trd, 000816.060, 163
Trd, 000818.820, 157
Trd, 000822.190, 177
Trd, 000840.810, 157
Trd, 000841.010, 160
Trd, 000841.140, 156
Trd, 000841.270, 150
Trd, 000841.480, 152
Trd, 000841.700, 165
Trd, 000847.180, 149
Trd, 000853.320, 153
Trd, 000855.340, 158
Trd, 000858.160, 148
Trd, 000862.370, 158
Trd, 000862.440, 147
Trd, 000870.640, 150
Trd, 000870.880, 144
Trd, 000871.390, 154
Trd, 000871.480, 148
Trd, 000871.500, 156
Trd, 000871.970, 157
Trd, 000872.530, 158
Trd, 000875.220, 160
Trd, 000875.970, 151
Trd, 000886.930, 156
Trd, 000900.920, 165
Trd, 000901.260, 153
Trd, 000901.400, 149
Trd, 000901.540, 148
Trd, 000901.570, 137
Trd, 000901.930, 149
Trd, 000902.130, 156
Trd, 000902.860, 160
Trd, 000902.980, 156
Trd, 000904.550, 160
Trd, 000910.220, 154
Trd, 000922.390, 161
Trd, 000923.830, 166
Trd, 000930.700, 171
Trd, 000930.830, 158
Trd, 000930.840, 166
Trd, 000930.950, 151
Trd, 000931.160, 145
Trd, 000931.200, 151
Trd, 000931.640, 146
Trd, 000931.650, 143
Trd, 000931.920, 142
Trd, 000932.360, 147
Trd, 000934.160, 150
Trd, 000935.660, 160
Trd, 000937.080, 157
Trd, 000960.820, 166
Trd, 000960.890, 149
Trd, 000961.020, 148
Trd, 000961.180, 140
Trd, 000961.390, 150
Trd, 000961.560, 164
Trd, 000962.480, 151
Trd, 000962.960, 161
Trd, 000975.550, 159
Trd, 000982.710, 158
Trd, 000990.870, 173
Trd, 000990.880, 166
Trd, 000990.900, 139
Trd, 000991.170, 146
Trd, 000991.420, 148
Trd, 000991.430, 140
Trd, 000991.520, 155
Trd, 000992.110, 141
Trd, 000992.700, 136
Trd, 000992.870, 151
Trd, 000993.300, 139
Trd, 000993.690, 155
Trd, 000996.360, 157
Trd, 001000.030, 166
Trd, 001020.820, 150
Trd, 001020.840, 146
Trd, 001020.850, 168
Trd, 001020.920, 172
Trd, 001021.020, 161
Trd, 001021.050, 154
Trd, 001021.220, 144
Trd, 001021.270, 157
Trd, 001021.960, 158
Trd, 001022.660, 163
Trd, 001023.720, 167
Trd, 001032.640, 167
Trd, 001034.900, 162
Trd, 001037.030, 172
Trd, 001039.960, 173
Trd, 001050.840, 153
Trd, 001051.120, 152
Trd, 001051.150, 158
Trd, 001051.160, 162
Trd, 001051.230, 167
Trd, 001051.320, 167
Trd, 001051.500, 167
Trd, 001051.530, 150
Trd, 001051.880, 167
Trd, 001051.960, 174
Trd, 001052.510, 160
Trd, 001053.930, 165
Trd, 001056.000, 165
Trd, 001063.090, 163
Trd, 001064.260, 164
Trd, 001071.080, 160
Trd, 001079.550, 158
Trd, 001080.910, 153
Trd, 001081.080, 147
Trd, 001081.170, 157
Trd, 001081.350, 146
Trd, 001081.730, 152
Trd, 001082.610, 160
Trd, 001082.840, 157
Trd, 001083.100, 154
Trd, 001083.650, 153
Trd, 001084.990, 164
Trd, 001087.080, 169
Trd, 001091.620, 167
Trd, 001101.310, 173
Trd, 001110.720, 131
Trd, 001110.910, 196
Trd, 001111.340, 183
Trd, 001111.710, 178
Trd, 001111.860, 169
Trd, 001112.090, 176
Trd, 001112.190, 164
Trd, 001112.370, 179
Trd, 001113.100, 162
Trd, 001113.740, 158
Trd, 001117.780, 175
Trd, 001125.240, 167
Trd, 001140.760, 144
Trd, 001141.000, 159
Trd, 001141.030, 165
Trd, 001141.210, 169
Trd, 001141.520, 151
Trd, 001142.010, 144
Trd, 001142.110, 151
Trd, 001142.530, 161
Trd, 001143.900, 161
Trd, 001144.270, 167
Trd, 001144.360, 168
Trd, 001144.370, 149
Trd, 001144.820, 178
Trd, 001161.270, 163
Trd, 001167.820, 162
Trd, 001171.040, 163
Trd, 001171.080, 179
Trd, 001171.260, 137
Trd, 001171.370, 166
Trd, 001171.430, 145
Trd, 001171.470, 130
Trd, 001172.520, 136
Trd, 001172.810, 151
Trd, 001172.910, 152
Trd, 001174.810, 152
Trd, 001184.060, 153
Trd, 001184.420, 154
Trd, 001200.990, 180
Trd, 001201.080, 171
Trd, 001201.270, 165
Trd, 001201.400, 163
Trd, 001201.520, 177
Trd, 001201.550, 146
Trd, 001202.140, 172
Trd, 001202.240, 173
Trd, 001202.710, 179
Trd, 001202.870, 176
Trd, 001203.350, 159
Trd, 001212.780, 171
Trd, 001230.540, 178
Trd, 001230.920, 167
Trd, 001231.010, 151
Trd, 001231.640, 131
Trd, 001231.750, 142
Trd, 001232.150, 151
Trd, 001232.340, 140
Trd, 001232.520, 156
Trd, 001234.570, 169
Trd, 001234.650, 167
Trd, 001238.310, 157
Trd, 001238.670, 161
Trd, 001243.170, 168
Trd, 001244.400, 179
Trd, 001260.140, 150
Trd, 001260.960, 161
Trd, 001261.110, 166
Trd, 001261.310, 170
Trd, 001261.330, 164
Trd, 001261.630, 170
Trd, 001262.140, 175
Trd, 001262.350, 156
Trd, 001262.530, 172
Trd, 001263.110, 145
Trd, 001263.910, 148
Trd, 001264.820, 160
Trd, 001266.060, 161
Trd, 001266.550, 156
Trd, 001274.750, 148
Trd, 001279.850, 147
Trd, 001290.860, 147
Trd, 001291.130, 138
Trd, 001291.190, 151
Trd, 001291.260, 150
Trd, 001291.540, 153
Trd, 001291.560, 155
Trd, 001291.600, 162
Trd, 001291.850, 168
Trd, 001292.400, 166
Trd, 001293.290, 169
Trd, 001293.860, 164
Trd, 001293.920, 155
Trd, 001295.850, 159
Trd, 001306.990, 166
Trd, 001320.990, 143
Trd, 001321.190, 156
Trd, 001321.270, 163
Trd, 001321.290, 149
Trd, 001321.400, 189
Trd, 001321.590, 166
Trd, 001321.830, 152
Trd, 001322.180, 146
Trd, 001322.400, 141
Trd, 001322.430, 147
Trd, 001323.490, 152
Trd, 001323.510, 152
Trd, 001324.090, 166
Trd, 001324.990, 155
Trd, 001326.120, 167
Trd, 001350.940, 174
Trd, 001351.020, 172
Trd, 001351.050, 163
Trd, 001351.470, 158
Trd, 001351.630, 153
Trd, 001351.960, 140
Trd, 001352.180, 154
Trd, 001352.640, 164
Trd, 001353.070, 158
Trd, 001354.950, 140
Trd, 001356.190, 166
Trd, 001357.230, 171
Trd, 001371.060, 156
Trd, 001381.130, 181
Trd, 001381.410, 179
Trd, 001381.600, 162
Trd, 001381.650, 158
Trd, 001382.240, 159
Trd, 001382.350, 158
Trd, 001382.390, 157
Trd, 001383.020, 150
Trd, 001389.870, 155
Trd, 001389.980, 155
Trd, 001398.660, 160
Trd, 001411.050, 171
Trd, 001411.220, 179
Trd, 001411.230, 159
Trd, 001411.370, 154
Trd, 001411.910, 179
Trd, 001412.120, 179
Trd, 001412.530, 168
Trd, 001413.130, 191
Trd, 001413.310, 181
Trd, 001420.110, 152
Trd, 001423.250, 146
Trd, 001441.050, 185
Trd, 001441.070, 173
Trd, 001441.270, 149
Trd, 001441.370, 152
Trd, 001441.600, 148
Trd, 001441.700, 158
Trd, 001441.750, 146
Trd, 001443.410, 145
Trd, 001444.280, 158
Trd, 001445.480, 159
Trd, 001446.320, 151
Trd, 001446.460, 166
Trd, 001450.800, 164
Trd, 001460.050, 150
Trd, 001471.390, 143
Trd, 001471.450, 164
Trd, 001471.640, 168
Trd, 001472.440, 164
Trd, 001472.460, 164
Trd, 001473.430, 163
Trd, 001473.520, 166
Trd, 001473.730, 157
Trd, 001473.950, 169
Trd, 001483.350, 169
Trd, 001496.310, 156
Trd, 001501.000, 145
Trd, 001501.140, 149
Trd, 001501.190, 175
Trd, 001501.420, 145
Trd, 001501.610, 152
Trd, 001501.710, 163
Trd, 001501.920, 164
Trd, 001502.090, 159
Trd, 001504.170, 163
Trd, 001513.440, 158
Trd, 001531.140, 158
Trd, 001531.230, 171
Trd, 001531.380, 151
Trd, 001531.480, 149
Trd, 001531.510, 151
Trd, 001531.720, 156
Trd, 001531.890, 166
Trd, 001532.130, 153
Trd, 001534.540, 152
Trd, 001535.080, 152
Trd, 001540.100, 150
Trd, 001544.810, 160
Trd, 001553.460, 162
Trd, 001556.670, 145
Trd, 001561.050, 172
Trd, 001561.220, 151
Trd, 001561.390, 160
Trd, 001561.490, 157
Trd, 001561.620, 164
Trd, 001562.070, 166
Trd, 001565.320, 173
Trd, 001569.360, 170
Trd, 001573.690, 165
Trd, 001575.990, 160
Trd, 001577.450, 167
Trd, 001591.150, 167
Trd, 001591.170, 159
Trd, 001591.440, 180
Trd, 001591.550, 180
Trd, 001591.590, 181
Trd, 001591.830, 179
Trd, 001591.880, 159
Trd, 001591.930, 155
Trd, 001592.470, 172
Trd, 001592.610, 171
Trd, 001592.820, 157
Trd, 001594.620, 153
Trd, 001598.120, 172
Trd, 001598.610, 175
Trd, 001621.140, 184
Trd, 001621.190, 180
Trd, 001621.510, 172
Trd, 001621.540, 170
Trd, 001621.550, 159
Trd, 001621.720, 170
Trd, 001621.910, 159
Trd, 001622.520, 148
Trd, 001623.530, 156
Trd, 001624.110, 165
Trd, 001629.860, 154
Trd, 001641.260, 152
Trd, 001643.680, 156
Trd, 001651.220, 153
Trd, 001651.340, 165
Trd, 001651.360, 162
Trd, 001651.370, 149
Trd, 001651.390, 170
Trd, 001651.470, 179
Trd, 001651.790, 177
Trd, 001651.910, 174
Trd, 001652.000, 168
Trd, 001652.520, 161
Trd, 001652.750, 167
Trd, 001653.180, 179
Trd, 001653.350, 164
Trd, 001653.990, 144
Trd, 001654.590, 139
Trd, 001655.710, 158
Trd, 001658.700, 174
Trd, 001659.890, 182
Trd, 001667.380, 154
Trd, 001681.140, 184
Trd, 001681.410, 167
Trd, 001681.420, 154
Trd, 001681.580, 158
Trd, 001681.760, 165
Trd, 001681.820, 142
Trd, 001681.940, 166
Trd, 001682.220, 153
Trd, 001682.320, 162
Trd, 001682.460, 145
Trd, 001682.780, 158
Trd, 001683.140, 174
Trd, 001683.280, 180
Trd, 001685.630, 171
Trd, 001690.020, 165
Trd, 001695.950, 152
Trd, 001704.740, 174
Trd, 001711.210, 168
Trd, 001711.230, 164
Trd, 001711.290, 162
Trd, 001711.540, 155
Trd, 001711.600, 156
Trd, 001712.080, 152
Trd, 001712.530, 142
Trd, 001712.980, 136
Trd, 001713.650, 151
Trd, 001714.020, 158
Trd, 001714.450, 160
Trd, 001715.520, 162
Trd, 001717.270, 153
Trd, 001725.030, 163
Trd, 001731.260, 164
Trd, 001737.420, 157
Trd, 001738.770, 169
Trd, 001741.160, 154
Trd, 001741.180, 153
Trd, 001741.210, 154
Trd, 001741.480, 150
Trd, 001741.530, 149
Trd, 001741.690, 181
Trd, 001741.930, 157
Trd, 001742.560, 157
Trd, 001742.730, 164
Trd, 001743.210, 164
Trd, 001751.510, 149
Trd, 001756.570, 157
Trd, 001758.400, 147
Trd, 001771.230, 142
Trd, 001771.460, 155
Trd, 001771.640, 154
Trd, 001771.740, 157
Trd, 001771.780, 164
Trd, 001771.820, 164
Trd, 001771.880, 175
Trd, 001771.990, 159
Trd, 001772.080, 179
Trd, 001773.100, 166
Trd, 001773.790, 170
Trd, 001774.600, 176
Trd, 001778.060, 159
Trd, 001783.680, 160
Trd, 001798.560, 176
Trd, 001801.290, 149
Trd, 001801.340, 200
Trd, 001801.470, 146
Trd, 001801.660, 150
Trd, 001801.690, 144
Trd, 001801.750, 148
Trd, 001801.930, 155
Trd, 001802.430, 142
Trd, 001803.160, 156
Trd, 001804.040, 151
Trd, 001804.770, 155
Trd, 001805.080, 159
Trd, 001805.440, 163
Trd, 001807.430, 154
Trd, 001808.580, 169
Trd, 001819.430, 177
Trd, 001821.470, 147
Trd, 001831.210, 138
Trd, 001831.410, 136
Trd, 001831.430, 174
Trd, 001831.500, 142
Trd, 001832.000, 159
Trd, 001832.050, 160
Trd, 001832.480, 153
Trd, 001832.720, 163
Trd, 001834.990, 161
Trd, 001841.780, 158
Trd, 001842.630, 155
Trd, 001843.480, 162
Trd, 001847.360, 153
Trd, 001849.900, 153
Trd, 001861.290, 154
Trd, 001861.320, 181
Trd, 001862.170, 174
Trd, 001862.340, 177
Trd, 001862.400, 177
Trd, 001862.740, 171
Trd, 001862.810, 166
Trd, 001863.050, 152
Trd, 001864.290, 149
Trd, 001864.410, 147
Trd, 001864.740, 151
Trd, 001865.770, 152
Trd, 001866.840, 153
Trd, 001867.120, 161
Trd, 001891.700, 144
Trd, 001891.740, 140
Trd, 001892.100, 149
Trd, 001892.210, 159
Trd, 001892.290, 160
Trd, 001892.460, 161
Trd, 001892.780, 137
Trd, 001892.900, 144
Trd, 001896.400, 133
Trd, 001902.020, 141
Trd, 001902.080, 147
Trd, 001910.040, 147
Trd, 001919.380, 144
Trd, 001921.410, 141
Trd, 001921.520, 168
Trd, 001921.840, 148
Trd, 001921.980, 149
Trd, 001922.370, 162
Trd, 001922.550, 167
Trd, 001922.750, 146
Trd, 001922.760, 142
Trd, 001922.880, 170
Trd, 001923.210, 172
Trd, 001924.850, 163
Trd, 001926.140, 156
Trd, 001933.070, 150
Trd, 001951.340, 172
Trd, 001951.450, 142
Trd, 001951.750, 151
Trd, 001951.870, 144
Trd, 001951.890, 153
Trd, 001951.980, 157
Trd, 001953.020, 142
Trd, 001953.210, 148
Trd, 001954.000, 151
Trd, 001954.760, 155
Trd, 001956.590, 156
Trd, 001957.630, 152
Trd, 001958.090, 146
Trd, 001961.780, 167
Trd, 001981.370, 138
Trd, 001981.410, 140
Trd, 001981.730, 145
Trd, 001981.960, 183
Trd, 001982.640, 173
Trd, 001982.720, 165
Trd, 001982.920, 160
Trd, 001984.410, 155
Trd, 002003.530, 156
Trd, 002005.920, 167
Trd, 002011.630, 164
Trd, 002011.650, 154
Trd, 002011.710, 165
Trd, 002012.520, 149
Trd, 002012.900, 145
Trd, 002013.010, 149
Trd, 002013.080, 153
Trd, 002014.510, 156
Trd, 002041.400, 132
Trd, 002041.580, 144
Trd, 002041.600, 140
Trd, 002041.710, 137
Trd, 002042.140, 145
Trd, 002042.490, 152
Trd, 002042.510, 159
Trd, 002042.750, 144
Trd, 002043.000, 145
Trd, 002044.210, 136
Trd, 002044.460, 159
Trd, 002044.860, 161
Trd, 002044.880, 162
Trd, 002049.450, 135
Trd, 002071.480, 145
Trd, 002071.500, 152
Trd, 002071.670, 142
Trd, 002071.810, 159
Trd, 002072.090, 143
Trd, 002072.260, 146
Trd, 002072.330, 165
Trd, 002072.830, 144
Trd, 002072.990, 162
Trd, 002073.120, 148
Trd, 002074.340, 167
Trd, 002075.450, 154
Trd, 002077.590, 166
Trd, 002081.830, 177
Trd, 002086.270, 154
Trd, 002101.410, 175
Trd, 002101.500, 149
Trd, 002101.530, 147
Trd, 002101.750, 167
Trd, 002101.830, 180
Trd, 002101.910, 167
Trd, 002101.950, 159
Trd, 002102.010, 167
Trd, 002102.050, 149
Trd, 002102.410, 151
Trd, 002103.680, 154
Trd, 002105.330, 163
Trd, 002106.470, 168
Trd, 002111.080, 156
Trd, 002114.340, 154
Trd, 002118.340, 170
Trd, 002131.500, 171
Trd, 002131.750, 191
Trd, 002132.030, 175
Trd, 002132.350, 176
Trd, 002132.460, 174
Trd, 002132.730, 174
Trd, 002132.760, 172
Trd, 002132.920, 163
Trd, 002134.180, 175
Trd, 002135.130, 174
Trd, 002142.800, 172
Trd, 002149.180, 163
Trd, 002151.920, 177
Trd, 002161.410, 159
Trd, 002161.450, 156
Trd, 002161.560, 162
Trd, 002161.660, 162
Trd, 002161.690, 175
Trd, 002162.630, 151
Trd, 002162.800, 146
Trd, 002163.600, 138
Trd, 002175.030, 147
Trd, 002178.240, 147
Trd, 002183.510, 152
Trd, 002191.570, 163
Trd, 002191.950, 185
Trd, 002192.040, 151
Trd, 002192.540, 151
Trd, 002192.550, 149
Trd, 002194.040, 147
Trd, 002194.230, 153
Trd, 002194.560, 155
Trd, 002195.890, 161
Trd, 002196.380, 155
Trd, 002200.430, 167
Trd, 002201.790, 155
Trd, 002203.760, 167
Trd, 002211.740, 169
Trd, 002221.440, 134
Trd, 002221.460, 156
Trd, 002221.520, 132
Trd, 002221.600, 163
Trd, 002221.790, 137
Trd, 002221.940, 145
Trd, 002222.120, 149
Trd, 002222.220, 139
Trd, 002222.720, 151
Trd, 002224.260, 145
Trd, 002230.100, 155
Trd, 002232.880, 157
Trd, 002235.870, 156
Trd, 002251.470, 184
Trd, 002251.620, 164
Trd, 002251.780, 160
Trd, 002251.850, 144
Trd, 002252.200, 145
Trd, 002252.260, 146
Trd, 002252.370, 146
Trd, 002252.730, 150
Trd, 002252.740, 164
Trd, 002253.240, 170
Trd, 002253.280, 145
Trd, 002253.310, 170
Trd, 002257.510, 171
Trd, 002259.960, 151
Trd, 002266.500, 143
Trd, 002267.770, 163
Trd, 002281.530, 197
Trd, 002281.800, 172
Trd, 002282.040, 147
Trd, 002282.500, 165
Trd, 002282.730, 174
Trd, 002282.880, 151
Trd, 002283.150, 174
Trd, 002283.500, 150
Trd, 002284.360, 147
Trd, 002286.430, 148
Trd, 002288.000, 156
Trd, 002296.120, 144
Trd, 002297.030, 142
Trd, 002298.940, 155
Trd, 002306.610, 150
Trd, 002309.400, 159
Trd, 002311.460, 171
Trd, 002311.710, 196
Trd, 002311.780, 162
Trd, 002311.880, 156
Trd, 002311.930, 150
Trd, 002312.210, 150
Trd, 002312.340, 154
Trd, 002312.970, 151
Trd, 002314.400, 166
Trd, 002316.980, 164
Trd, 002325.460, 157
Trd, 002341.440, 135
Trd, 002341.620, 165
Trd, 002341.930, 149
Trd, 002341.940, 148
Trd, 002342.070, 133
Trd, 002342.120, 137
Trd, 002342.370, 165
Trd, 002342.450, 166
Trd, 002342.640, 155
Trd, 002343.190, 144
Trd, 002344.050, 145
Trd, 002348.660, 144
Trd, 002371.520, 136
Trd, 002371.820, 146
Trd, 002371.980, 159
Trd, 002372.580, 146
Trd, 002372.750, 146
Trd, 002373.550, 164
Trd, 002374.210, 154
Trd, 002377.700, 151
Trd, 002387.690, 156
Trd, 002401.850, 170
Trd, 002402.000, 165
Trd, 002402.090, 143
Trd, 002402.100, 141
Trd, 002402.180, 151
Trd, 002402.280, 171
Trd, 002402.910, 152
Trd, 002403.140, 162
Trd, 002403.460, 150
Trd, 002404.250, 161
Trd, 002404.760, 163
Trd, 002406.100, 156
Trd, 002407.320, 179
Trd, 002431.630, 171
Trd, 002431.930, 181
Trd, 002432.210, 168
Trd, 002432.610, 173
Trd, 002432.620, 164
Trd, 002433.160, 174
Trd, 002433.520, 176
Trd, 002433.780, 171
Trd, 002434.320, 170
Trd, 002434.800, 166
Trd, 002434.980, 163
Trd, 002436.720, 165
Trd, 002438.080, 167
Trd, 002447.870, 152
Trd, 002461.490, 175
Trd, 002461.530, 182
Trd, 002462.070, 155
Trd, 002462.260, 158
Trd, 002462.390, 134
Trd, 002463.030, 144
Trd, 002463.100, 158
Trd, 002463.580, 176
Trd, 002463.990, 145
Trd, 002464.300, 176
Trd, 002465.410, 175
Trd, 002466.190, 167
Trd, 002467.780, 165
Trd, 002469.220, 142
Trd, 002491.510, 162
Trd, 002491.760, 157
Trd, 002491.810, 170
Trd, 002491.890, 147
Trd, 002492.130, 147
Trd, 002492.270, 163
Trd, 002492.500, 165
Trd, 002492.590, 146
Trd, 002492.700, 176
Trd, 002492.860, 144
Trd, 002493.040, 148
Trd, 002493.630, 169
Trd, 002493.780, 171
Trd, 002494.050, 168
Trd, 002494.980, 150
Trd, 002495.080, 160
Trd, 002497.250, 168
Trd, 002500.810, 163
Trd, 002517.570, 181
Trd, 002521.920, 137
Trd, 002522.630, 151
Trd, 002522.670, 163
Trd, 002522.740, 169
Trd, 002522.870, 170
Trd, 002524.280, 151
Trd, 002524.890, 155
Trd, 002528.630, 155
Trd, 002530.900, 153
Trd, 002535.060, 146
Trd, 002537.540, 147
Trd, 002543.720, 159
Trd, 002550.980, 161
Trd, 002551.540, 132
Trd, 002551.910, 186
Trd, 002552.010, 180
Trd, 002552.030, 160
Trd, 002552.200, 158
Trd, 002552.860, 155
Trd, 002553.250, 149
Trd, 002553.260, 153
Trd, 002553.650, 169
Trd, 002559.090, 162
Trd, 002560.340, 165
Trd, 002561.910, 166
Trd, 002566.920, 170
Trd, 002566.980, 160
Trd, 002572.780, 179
Trd, 002578.300, 156
Trd, 002581.620, 172
Trd, 002581.880, 150
Trd, 002581.900, 149
Trd, 002581.960, 159
Trd, 002582.130, 142
Trd, 002582.170, 150
Trd, 002582.200, 169
Trd, 002582.240, 171
Trd, 002582.850, 160
Trd, 002583.700, 153
Trd, 002584.960, 151
Trd, 002585.730, 149
Trd, 002585.850, 159
Trd, 002590.860, 155
Trd, 002611.640, 180
Trd, 002611.890, 164
Trd, 002612.030, 159
Trd, 002612.300, 147
Trd, 002612.660, 150
Trd, 002613.290, 141
Trd, 002613.390, 144
Trd, 002613.580, 153
Trd, 002621.150, 148
Trd, 002623.490, 150
Trd, 002641.610, 158
Trd, 002641.630, 157
Trd, 002641.750, 153
Trd, 002641.950, 147
Trd, 002642.020, 154
Trd, 002642.260, 157
Trd, 002642.510, 155
Trd, 002642.710, 145
Trd, 002643.140, 157
Trd, 002644.180, 139
Trd, 002650.190, 157
Trd, 002661.950, 163
Trd, 002671.660, 163
Trd, 002671.700, 173
Trd, 002671.950, 168
Trd, 002672.330, 174
Trd, 002672.670, 181
Trd, 002672.680, 172
Trd, 002673.020, 184
Trd, 002673.630, 181
Trd, 002673.740, 160
Trd, 002674.500, 153
Trd, 002675.430, 150
Trd, 002678.860, 149
Trd, 002701.890, 149
Trd, 002701.920, 147
Trd, 002702.150, 150
Trd, 002702.220, 142
Trd, 002702.240, 138
Trd, 002702.520, 152
Trd, 002703.050, 163
Trd, 002703.860, 152
Trd, 002705.650, 156
Trd, 002705.740, 165
Trd, 002715.250, 146
Trd, 002720.680, 151
Trd, 002731.640, 149
Trd, 002731.670, 197
Trd, 002731.690, 148
Trd, 002732.010, 156
Trd, 002732.080, 152
Trd, 002732.460, 148
Trd, 002732.870, 142
Trd, 002733.230, 143
Trd, 002733.810, 146
Trd, 002734.430, 148
Trd, 002734.790, 147
Trd, 002735.230, 150
Trd, 002735.960, 152
Trd, 002745.320, 162
Trd, 002761.580, 148
Trd, 002761.760, 146
Trd, 002762.060, 147
Trd, 002762.420, 155
Trd, 002762.600, 149
Trd, 002762.630, 158
Trd, 002763.360, 140
Trd, 002763.750, 139
Trd, 002763.850, 150
Trd, 002764.600, 138
Trd, 002765.250, 141
Trd, 002766.740, 145
Trd, 002773.550, 154
Trd, 002782.770, 157
Trd, 002786.130, 148
Trd, 002787.490, 159
Trd, 002791.680, 172
Trd, 002791.720, 154
Trd, 002791.810, 154
Trd, 002791.890, 169
Trd, 002792.020, 147
Trd, 002792.480, 144
Trd, 002792.620, 155
Trd, 002792.870, 143
Trd, 002793.070, 162
Trd, 002793.380, 142
Trd, 002794.110, 146
Trd, 002795.230, 151
Trd, 002800.900, 153
Trd, 002815.070, 136
Trd, 002821.640, 138
Trd, 002821.820, 155
Trd, 002822.030, 153
Trd, 002822.150, 159
Trd, 002822.180, 172
Trd, 002822.320, 176
Trd, 002822.960, 156
Trd, 002823.220, 168
Trd, 002823.240, 169
Trd, 002823.340, 153
Trd, 002823.350, 151
Trd, 002823.640, 156
Trd, 002824.500, 157
Trd, 002825.050, 153
Trd, 002825.660, 154
Trd, 002830.020, 167
Trd, 002840.840, 165
Trd, 002851.860, 142
Trd, 002851.930, 149
Trd, 002852.060, 154
Trd, 002852.080, 150
Trd, 002852.180, 156
Trd, 002852.330, 136
Trd, 002852.450, 163
Trd, 002852.840, 161
Trd, 002853.100, 168
Trd, 002853.200, 159
Trd, 002853.580, 163
Trd, 002853.640, 148
Trd, 002854.650, 163
Trd, 002856.020, 140
Trd, 002860.870, 159
Trd, 002877.460, 164
Trd, 002880.560, 168
Trd, 002881.670, 173
Trd, 002881.710, 158
Trd, 002881.950, 149
Trd, 002882.000, 158
Trd, 002882.430, 146
Trd, 002882.680, 160
Trd, 002882.750, 167
Trd, 002883.380, 153
Trd, 002883.840, 157
Trd, 002884.340, 156
Trd, 002886.050, 145
Trd, 002898.540, 153
Trd, 002908.930, 164
Trd, 002911.750, 163
Trd, 002911.800, 174
Trd, 002911.820, 145
Trd, 002911.850, 137
Trd, 002911.940, 147
Trd, 002912.160, 157
Trd, 002912.310, 172
Trd, 002912.730, 143
Trd, 002912.870, 146
Trd, 002913.420, 163
Trd, 002918.330, 150
Trd, 002920.400, 163
Trd, 002928.010, 149
Trd, 002929.830, 165
Trd, 002932.520, 153
Trd, 002941.750, 194
Trd, 002941.810, 187
Trd, 002941.880, 179
Trd, 002941.930, 147
Trd, 002942.190, 164
Trd, 002942.210, 141
Trd, 002942.580, 146
Trd, 002942.900, 149
Trd, 002943.220, 143
Trd, 002943.690, 142
Trd, 002944.480, 163
Trd, 002945.100, 157
Trd, 002945.350, 185
Trd, 002958.490, 156
Trd, 002961.510, 171
Trd, 002971.790, 161
Trd, 002971.990, 134
Trd, 002972.040, 136
Trd, 002972.300, 156
Trd, 002972.360, 153
Trd, 002972.430, 144
Trd, 002972.600, 138
Trd, 002972.700, 146
Trd, 002973.160, 154
Trd, 002973.350, 151
Trd, 002973.930, 161
Trd, 002974.490, 168
Trd, 002976.340, 147
Trd, 002979.490, 174
Trd, 002984.560, 141
Trd, 002996.290, 174
Trd, 003001.920, 167
Trd, 003001.930, 160
Trd, 003001.950, 156
Trd, 003002.170, 168
Trd, 003002.320, 159
Trd, 003002.720, 160
Trd, 003002.810, 156
Trd, 003003.210, 161
Trd, 003003.600, 154
Trd, 003004.800, 162
Trd, 003011.760, 163
Trd, 003013.010, 154
Trd, 003019.360, 175
Trd, 003031.920, 162
Trd, 003032.020, 163
Trd, 003032.130, 164
Trd, 003032.320, 156
Trd, 003032.390, 148
Trd, 003032.600, 154
Trd, 003032.650, 144
Trd, 003032.820, 158
Trd, 003034.190, 147
Trd, 003034.790, 148
Trd, 003037.490, 155
Trd, 003050.050, 170
Trd, 003061.970, 174
Trd, 003062.000, 164
Trd, 003062.100, 178
Trd, 003062.350, 176
Trd, 003062.480, 171
Trd, 003064.730, 160
Trd, 003066.180, 165
Trd, 003068.320, 166
Trd, 003070.250, 169
Trd, 003083.180, 165
Trd, 003091.790, 161
Trd, 003092.180, 152
Trd, 003092.230, 163
Trd, 003092.340, 158
Trd, 003092.420, 163
Trd, 003092.520, 140
Trd, 003093.200, 157
Trd, 003095.870, 136
Trd, 003103.930, 138
Trd, 003117.440, 143
Trd, 003121.990, 188
Trd, 003122.000, 180
Trd, 003122.060, 159
Trd, 003122.200, 156
Trd, 003122.250, 173
Trd, 003122.610, 175
Trd, 003122.920, 173
Trd, 003124.470, 150
Trd, 003125.630, 148
Trd, 003126.580, 148
Trd, 003151.710, 138
Trd, 003151.820, 135
Trd, 003151.940, 178
Trd, 003152.120, 174
Trd, 003152.210, 187
Trd, 003152.380, 160
Trd, 003152.710, 172
Trd, 003152.880, 169
Trd, 003152.920, 167
Trd, 003152.960, 160
Trd, 003153.470, 156
Trd, 003154.330, 175
Trd, 003157.020, 164
Trd, 003162.690, 157
Trd, 003165.490, 175
Trd, 003168.150, 178
Trd, 003172.770, 152
Trd, 003181.880, 187
Trd, 003182.040, 183
Trd, 003182.150, 178
Trd, 003182.230, 150
Trd, 003182.280, 147
Trd, 003182.620, 151
Trd, 003182.630, 156
Trd, 003182.940, 164
Trd, 003183.480, 148
Trd, 003184.000, 154
Trd, 003191.960, 162
Trd, 003201.340, 166
Trd, 003201.560, 156
Trd, 003211.810, 150
Trd, 003211.850, 155
Trd, 003212.020, 170
Trd, 003212.210, 161
Trd, 003212.390, 151
Trd, 003212.450, 166
Trd, 003213.020, 164
Trd, 003214.550, 168
Trd, 003219.580, 167
Trd, 003219.920, 170
Trd, 003222.930, 162
Trd, 003226.720, 164
Trd, 003231.070, 147
Trd, 003241.770, 162
Trd, 003242.010, 177
Trd, 003242.070, 164
Trd, 003242.160, 174
Trd, 003242.640, 153
Trd, 003242.660, 159
Trd, 003242.880, 165
Trd, 003243.640, 166
Trd, 003245.170, 161
Trd, 003249.790, 159
Trd, 003252.520, 154
Trd, 003253.280, 158
Trd, 003262.370, 166
Trd, 003271.980, 170
Trd, 003272.080, 168
Trd, 003272.230, 180
Trd, 003272.320, 172
Trd, 003272.390, 167
Trd, 003272.500, 174
Trd, 003272.960, 162
Trd, 003272.970, 164
Trd, 003273.160, 178
Trd, 003273.350, 162
Trd, 003273.570, 177
Trd, 003274.070, 145
Trd, 003274.880, 145
Trd, 003275.190, 148
Trd, 003275.650, 156
Trd, 003276.590, 155
Trd, 003285.520, 150
Trd, 003301.820, 164
Trd, 003302.070, 131
Trd, 003302.340, 159
Trd, 003302.430, 167
Trd, 003303.410, 168
Trd, 003303.630, 169
Trd, 003304.390, 166
Trd, 003305.020, 157
Trd, 003306.440, 160
Trd, 003307.030, 161
Trd, 003315.290, 162
Trd, 003331.870, 160
Trd, 003331.890, 150
Trd, 003332.170, 181
Trd, 003332.470, 180
Trd, 003332.500, 172
Trd, 003333.190, 149
Trd, 003333.270, 148
Trd, 003333.380, 160
Trd, 003337.830, 152
Trd, 003339.190, 155
Trd, 003342.950, 162
Trd, 003354.430, 152
Trd, 003362.070, 135
Trd, 003362.240, 152
Trd, 003362.310, 130
Trd, 003362.320, 178
Trd, 003362.590, 130
Trd, 003362.600, 177
Trd, 003362.750, 147
Trd, 003363.030, 170
Trd, 003363.240, 168
Trd, 003364.710, 169
Trd, 003371.900, 169
Trd, 003385.850, 164
Trd, 003391.920, 153
Trd, 003392.110, 140
Trd, 003392.410, 143
Trd, 003393.000, 147
Trd, 003393.090, 161
Trd, 003393.270, 171
Trd, 003393.280, 170
Trd, 003393.520, 163
Trd, 003393.750, 164
Trd, 003393.830, 172
Trd, 003394.750, 176
Trd, 003395.080, 178
Trd, 003395.320, 164
Trd, 003403.820, 159
Trd, 003407.100, 155
Trd, 003421.880, 133
Trd, 003421.970, 161
Trd, 003422.130, 151
Trd, 003422.330, 179
Trd, 003422.480, 169
Trd, 003422.630, 145
Trd, 003422.650, 148
Trd, 003422.870, 174
Trd, 003422.890, 147
Trd, 003424.500, 168
Trd, 003425.180, 168
Trd, 003425.860, 150
Trd, 003431.950, 145
Trd, 003441.610, 175
Trd, 003451.640, 160
Trd, 003451.950, 173
Trd, 003452.030, 180
Trd, 003452.130, 169
Trd, 003452.290, 162
Trd, 003452.490, 169
Trd, 003452.700, 160
Trd, 003453.140, 161
Trd, 003453.550, 173
Trd, 003454.630, 173
Trd, 003455.370, 174
Trd, 003463.100, 163
Trd, 003463.730, 170
Trd, 003481.980, 134
Trd, 003482.350, 161
Trd, 003482.460, 171
Trd, 003482.480, 162
Trd, 003482.540, 180
Trd, 003482.570, 145
Trd, 003482.940, 165
Trd, 003483.900, 167
Trd, 003483.920, 180
Trd, 003486.850, 170
Trd, 003493.760, 169
Trd, 003501.170, 172
Trd, 003501.310, 173
Trd, 003511.820, 158
Trd, 003511.860, 157
Trd, 003511.910, 186
Trd, 003512.370, 139
Trd, 003512.920, 147
Trd, 003513.070, 151
Trd, 003513.310, 155
Trd, 003514.190, 151
Trd, 003514.500, 156
Trd, 003515.180, 153
Trd, 003517.180, 148
Trd, 003517.750, 147
Trd, 003519.620, 151
Trd, 003520.590, 154
Trd, 003523.770, 145
Trd, 003524.250, 157
Trd, 003542.020, 171
Trd, 003542.330, 158
Trd, 003542.550, 154
Trd, 003542.590, 150
Trd, 003542.770, 156
Trd, 003542.900, 151
Trd, 003543.270, 151
Trd, 003543.310, 150
Trd, 003543.400, 161
Trd, 003543.440, 161
Trd, 003543.590, 149
Trd, 003544.430, 162
Trd, 003544.840, 153
Trd, 003545.360, 166
Trd, 003551.690, 172
Trd, 003552.550, 173
Trd, 003569.280, 167
Trd, 003572.000, 197
Trd, 003572.110, 147
Trd, 003573.630, 148
Trd, 003573.860, 149
Trd, 003574.130, 157
Trd, 003574.540, 153
Trd, 003575.000, 152
Trd, 003579.620, 164
Trd, 003601.920, 154
Trd, 003602.220, 160
Trd, 003602.380, 152
Trd, 003602.410, 145
Trd, 003602.690, 148
Trd, 003602.720, 166
Trd, 003604.260, 158
Trd, 003604.630, 157
Trd, 003604.830, 143
Trd, 003605.150, 138
Trd, 003610.950, 154
Trd, 003618.550, 142
Trd, 003632.310, 134
Trd, 003632.550, 145
Trd, 003632.590, 145
Trd, 003632.660, 145
Trd, 003633.070, 145
Trd, 003633.990, 146
Trd, 003640.390, 147
Trd, 003643.120, 145
Trd, 003650.410, 154
Trd, 003661.910, 179
Trd, 003662.120, 152
Trd, 003662.230, 132
Trd, 003662.350, 144
Trd, 003662.390, 162
Trd, 003662.510, 154
Trd, 003662.700, 161
Trd, 003662.820, 149
Trd, 003663.180, 178
Trd, 003678.080, 167
Trd, 003679.350, 164
Trd, 003691.880, 196
Trd, 003692.080, 158
Trd, 003692.120, 174
Trd, 003692.150, 154
Trd, 003692.630, 159
Trd, 003692.670, 160
Trd, 003692.770, 161
Trd, 003692.930, 183
Trd, 003693.370, 184
Trd, 003693.550, 175
Trd, 003693.700, 166
Trd, 003693.880, 157
Trd, 003694.710, 188
Trd, 003694.840, 186
Trd, 003696.350, 161
Trd, 003699.120, 184
Trd, 003705.530, 156
Trd, 003721.980, 135
Trd, 003722.020, 149
Trd, 003722.240, 144
Trd, 003722.480, 154
Trd, 003722.610, 160
Trd, 003722.680, 171
Trd, 003722.720, 181
Trd, 003722.850, 155
Trd, 003723.050, 189
Trd, 003723.090, 160
Trd, 003725.410, 165
Trd, 003726.060, 162
Trd, 003736.050, 160
Trd, 003740.910, 149
Trd, 003747.880, 168
Trd, 003751.950, 137
Trd, 003752.370, 184
Trd, 003752.630, 163
Trd, 003752.770, 162
Trd, 003753.060, 169
Trd, 003753.420, 171
Trd, 003753.540, 144
Trd, 003755.430, 169
Trd, 003756.120, 172
Trd, 003760.210, 154
Trd, 003760.820, 145
Trd, 003762.240, 153
Trd, 003762.520, 156
Trd, 003766.300, 154
Trd, 003781.940, 186
Trd, 003782.100, 160
Trd, 003782.210, 153
Trd, 003782.270, 162
Trd, 003782.380, 158
Trd, 003782.500, 149
Trd, 003782.650, 146
Trd, 003782.860, 147
Trd, 003783.620, 147
Trd, 003784.210, 153
Trd, 003786.080, 161
Trd, 003788.910, 153
Trd, 003801.320, 167
Trd, 003810.050, 156
Trd, 003811.920, 175
Trd, 003812.030, 178
Trd, 003812.160, 168
Trd, 003812.300, 156
Trd, 003812.640, 159
Trd, 003812.910, 144
Trd, 003813.100, 150
Trd, 003813.330, 165
Trd, 003814.150, 166
Trd, 003817.620, 177
Trd, 003820.900, 182
Trd, 003841.960, 180
Trd, 003842.360, 154
Trd, 003842.430, 147
Trd, 003842.620, 166
Trd, 003843.370, 164
Trd, 003843.780, 153
Trd, 003843.990, 151
Trd, 003844.090, 171
Trd, 003844.370, 178
Trd, 003845.060, 178
Trd, 003845.290, 176
Trd, 003846.680, 167
Trd, 003856.040, 159
Trd, 003860.490, 160
Trd, 003870.500, 178
Trd, 003871.980, 166
Trd, 003872.340, 189
Trd, 003872.510, 164
Trd, 003872.830, 153
Trd, 003873.420, 164
Trd, 003874.560, 141
Trd, 003875.130, 145
Trd, 003880.270, 148
Trd, 003883.660, 163
Trd, 003891.470, 164
Trd, 003892.210, 152
Trd, 003892.500, 168
Trd, 003901.990, 199
Trd, 003902.060, 150
Trd, 003902.160, 146
Trd, 003902.180, 151
Trd, 003902.440, 153
Trd, 003902.550, 157
Trd, 003902.720, 149
Trd, 003902.760, 157
Trd, 003907.880, 158
Trd, 003924.830, 159
Trd, 003932.010, 170
Trd, 003932.040, 164
Trd, 003932.100, 179
Trd, 003932.230, 170
Trd, 003932.320, 152
Trd, 003932.350, 145
Trd, 003932.450, 148
Trd, 003932.540, 153
Trd, 003932.660, 174
Trd, 003932.670, 167
Trd, 003932.880, 183
Trd, 003932.960, 155
Trd, 003932.980, 186
Trd, 003933.490, 137
Trd, 003934.140, 145
Trd, 003939.570, 158
Trd, 003943.350, 162
Trd, 003949.710, 153
Trd, 003962.080, 159
Trd, 003962.130, 174
Trd, 003962.530, 174
Trd, 003962.870, 155
Trd, 003963.100, 158
Trd, 003963.110, 153
Trd, 003963.380, 144
Trd, 003964.080, 153
Trd, 003964.090, 156
Trd, 003964.220, 158
Trd, 003966.450, 160
Trd, 003969.310, 169
Trd, 003969.660, 174
Trd, 003970.840, 147
Trd, 003977.020, 176
Trd, 003992.080, 162
Trd, 003992.250, 185
Trd, 003992.770, 176
Trd, 003992.780, 173
Trd, 003992.890, 161
Trd, 003993.370, 170
Trd, 003993.680, 163
Trd, 003994.670, 167
Trd, 003995.810, 160
Trd, 003996.550, 162
Trd, 004000.310, 152
Trd, 004000.860, 152
Trd, 004001.030, 150
Trd, 004002.490, 147
Trd, 004004.190, 150
Trd, 004008.860, 152
Trd, 004015.570, 167
Trd, 004022.330, 132
Trd, 004022.360, 138
Trd, 004022.560, 153
Trd, 004022.570, 155
Trd, 004022.630, 153
Trd, 004022.730, 154
Trd, 004023.020, 149
Trd, 004023.030, 150
Trd, 004023.140, 152
Trd, 004023.200, 147
Trd, 004023.510, 154
Trd, 004023.650, 156
Trd, 004023.950, 155
Trd, 004024.210, 157
Trd, 004024.310, 159
Trd, 004025.350, 154
Trd, 004025.660, 160
Trd, 004026.830, 153
Trd, 004028.910, 156
Trd, 004036.530, 164
Trd, 004037.900, 175
Trd, 004052.370, 152
Trd, 004052.510, 154
Trd, 004052.570, 151
Trd, 004052.750, 153
Trd, 004052.800, 155
Trd, 004052.860, 154
Trd, 004053.050, 156
Trd, 004053.130, 154
Trd, 004053.180, 156
Trd, 004053.680, 155
Trd, 004053.990, 164
Trd, 004054.740, 159
Trd, 004057.370, 160
Trd, 004057.830, 156
Trd, 004061.170, 168
Trd, 004066.760, 167
Trd, 004082.190, 181
Trd, 004082.220, 175
Trd, 004082.280, 167
Trd, 004082.370, 186
Trd, 004082.440, 173
Trd, 004082.650, 153
Trd, 004082.710, 176
Trd, 004083.490, 158
Trd, 004083.520, 155
Trd, 004084.150, 159
Trd, 004084.210, 159
Trd, 004084.390, 154
Trd, 004084.840, 153
Trd, 004085.410, 152
Trd, 004085.570, 156
Trd, 004086.390, 159
Trd, 004087.560, 160
Trd, 004088.590, 162
Trd, 004090.730, 163
Trd, 004092.030, 149
Trd, 004101.740, 165
Trd, 004103.570, 168
Trd, 004111.990, 171
Trd, 004112.120, 188
Trd, 004112.180, 181
Trd, 004112.440, 170
Trd, 004112.460, 170
Trd, 004112.490, 157
Trd, 004112.630, 154
Trd, 004112.690, 151
Trd, 004112.700, 150
Trd, 004112.900, 162
Trd, 004113.040, 155
Trd, 004113.160, 162
Trd, 004114.170, 164
Trd, 004114.300, 164
Trd, 004114.420, 165
Trd, 004114.450, 168
Trd, 004114.460, 158
Trd, 004115.450, 163
Trd, 004115.590, 150
Trd, 004115.670, 149
Trd, 004116.800, 160
Trd, 004121.690, 169
Trd, 004141.490, 164
Trd, 004142.250, 135
Trd, 004142.280, 140
Trd, 004142.300, 152
Trd, 004142.440, 162
Trd, 004142.650, 162
Trd, 004142.710, 159
Trd, 004143.220, 153
Trd, 004143.240, 147
Trd, 004143.390, 142
Trd, 004143.570, 157
Trd, 004143.710, 169
Trd, 004144.150, 164
Trd, 004145.270, 147
Trd, 004146.190, 150
Trd, 004148.010, 167
Trd, 004161.920, 142
Trd, 004172.300, 171
Trd, 004172.340, 177
Trd, 004172.530, 171
Trd, 004172.680, 176
Trd, 004172.850, 178
Trd, 004172.880, 178
Trd, 004173.050, 168
Trd, 004173.180, 166
Trd, 004174.000, 168
Trd, 004174.590, 168
Trd, 004174.610, 166
Trd, 004174.710, 166
Trd, 004181.390, 162
Trd, 004192.210, 161
Trd, 004194.720, 159
Trd, 004202.080, 145
Trd, 004202.340, 170
Trd, 004202.490, 169
Trd, 004202.500, 160
Trd, 004202.550, 159
Trd, 004202.720, 152
Trd, 004203.720, 157
Trd, 004203.870, 156
Trd, 004204.100, 157
Trd, 004204.160, 153
Trd, 004204.370, 153
Trd, 004204.540, 160
Trd, 004205.230, 163
Trd, 004208.020, 154
Trd, 004215.370, 153
Trd, 004215.950, 154
Trd, 004221.310, 152
Trd, 004232.140, 171
Trd, 004232.220, 193
Trd, 004232.280, 173
Trd, 004232.360, 170
Trd, 004232.620, 169
Trd, 004232.630, 172
Trd, 004232.700, 167
Trd, 004232.730, 172
Trd, 004232.760, 175
Trd, 004232.920, 156
Trd, 004232.950, 168
Trd, 004233.380, 147
Trd, 004233.730, 148
Trd, 004233.740, 150
Trd, 004233.870, 156
Trd, 004234.520, 152
Trd, 004235.450, 155
Trd, 004242.540, 161
Trd, 004243.200, 171
Trd, 004245.520, 159
Trd, 004262.180, 164
Trd, 004262.230, 164
Trd, 004262.330, 148
Trd, 004262.450, 146
Trd, 004262.460, 147
Trd, 004262.500, 149
Trd, 004262.580, 166
Trd, 004262.620, 163
Trd, 004262.770, 139
Trd, 004263.320, 136
Trd, 004264.050, 139
Trd, 004264.590, 135
Trd, 004265.970, 139
Trd, 004266.180, 143
Trd, 004266.680, 152
Trd, 004270.200, 158
Trd, 004273.160, 160
Trd, 004292.180, 148
Trd, 004292.250, 160
Trd, 004292.360, 155
Trd, 004292.370, 138
Trd, 004292.910, 157
Trd, 004293.440, 161
Trd, 004293.460, 169
Trd, 004293.630, 159
Trd, 004293.910, 156
Trd, 004294.390, 154
Trd, 004294.650, 153
Trd, 004295.160, 154
Trd, 004296.300, 153
Trd, 004296.820, 152
Trd, 004297.800, 158
Trd, 004299.560, 159
Trd, 004303.470, 166
Trd, 004322.160, 130
Trd, 004322.370, 152
Trd, 004322.430, 148
Trd, 004322.460, 156
Trd, 004322.610, 139
Trd, 004322.720, 141
Trd, 004323.000, 138
Trd, 004323.180, 148
Trd, 004323.220, 150
Trd, 004323.250, 152
Trd, 004323.340, 150
Trd, 004323.380, 153
Trd, 004323.660, 153
Trd, 004324.300, 148
Trd, 004325.010, 141
Trd, 004327.830, 153
Trd, 004329.290, 158
Trd, 004344.280, 138
Trd, 004352.320, 147
Trd, 004352.370, 154
Trd, 004352.580, 149
Trd, 004352.620, 149
Trd, 004352.650, 148
Trd, 004352.710, 149
Trd, 004353.200, 149
Trd, 004353.240, 147
Trd, 004353.620, 149
Trd, 004353.940, 151
Trd, 004354.050, 145
Trd, 004354.250, 146
Trd, 004354.470, 150
Trd, 004354.810, 159
Trd, 004356.970, 161
Trd, 004358.520, 162
Trd, 004361.800, 163
Trd, 004363.220, 164
Trd, 004382.160, 181
Trd, 004382.240, 173
Trd, 004382.250, 175
Trd, 004382.540, 174
Trd, 004382.570, 170
Trd, 004382.590, 171
Trd, 004382.670, 171
Trd, 004382.740, 147
Trd, 004383.150, 157
Trd, 004383.720, 158
Trd, 004383.960, 161
Trd, 004384.050, 162
Trd, 004385.600, 158
Trd, 004386.110, 163
Trd, 004386.180, 165
Trd, 004389.340, 160
Trd, 004393.890, 167
Trd, 004399.160, 168
Trd, 004412.260, 139
Trd, 004412.450, 140
Trd, 004412.520, 141
Trd, 004412.650, 159
Trd, 004412.670, 143
Trd, 004412.750, 142
Trd, 004412.780, 146
Trd, 004412.860, 139
Trd, 004413.110, 166
Trd, 004413.250, 165
Trd, 004413.370, 161
Trd, 004413.730, 159
Trd, 004413.980, 164
Trd, 004414.620, 161
Trd, 004414.790, 162
Trd, 004415.390, 173
Trd, 004419.320, 176
Trd, 004419.340, 177
Trd, 004423.180, 177
Trd, 004424.860, 176
Trd, 004442.270, 144
Trd, 004442.300, 149
Trd, 004442.560, 145
Trd, 004442.680, 152
Trd, 004442.990, 164
Trd, 004443.000, 165
Trd, 004443.130, 165
Trd, 004443.440, 162
Trd, 004443.510, 157
Trd, 004443.700, 163
Trd, 004444.820, 167
Trd, 004445.190, 168
Trd, 004445.240, 168
Trd, 004445.560, 155
Trd, 004446.230, 170
Trd, 004449.310, 162
Trd, 004456.880, 167
Trd, 004472.310, 148
Trd, 004472.400, 153
Trd, 004472.410, 135
Trd, 004472.480, 141
Trd, 004472.730, 144
Trd, 004472.830, 162
Trd, 004473.820, 153
Trd, 004474.240, 158
Trd, 004474.500, 154
Trd, 004475.050, 161
Trd, 004479.630, 162
Trd, 004486.610, 155
Trd, 004487.940, 163
Trd, 004502.210, 169
Trd, 004502.240, 149
Trd, 004502.270, 143
Trd, 004502.290, 170
Trd, 004502.480, 132
Trd, 004502.670, 146
Trd, 004502.720, 169
Trd, 004502.830, 174
Trd, 004503.050, 159
Trd, 004503.280, 156
Trd, 004503.810, 151
Trd, 004505.300, 156
Trd, 004505.340, 161
Trd, 004506.140, 148
Trd, 004507.160, 150
Trd, 004510.470, 163
Trd, 004522.430, 163
Trd, 004527.340, 146
Trd, 004532.340, 143
Trd, 004532.380, 171
Trd, 004532.690, 157
Trd, 004532.790, 160
Trd, 004532.830, 161
Trd, 004533.060, 155
Trd, 004533.380, 152
Trd, 004533.430, 154
Trd, 004533.550, 145
Trd, 004533.580, 146
Trd, 004533.680, 153
Trd, 004533.810, 159
Trd, 004534.450, 167
Trd, 004534.850, 151
Trd, 004538.460, 158
Trd, 004543.780, 152
Trd, 004562.310, 169
Trd, 004562.360, 154
Trd, 004562.410, 159
Trd, 004562.480, 157
Trd, 004562.660, 143
Trd, 004562.840, 151
Trd, 004562.900, 141
Trd, 004563.070, 140
Trd, 004563.110, 157
Trd, 004563.540, 145
Trd, 004563.630, 152
Trd, 004564.150, 145
Trd, 004564.430, 145
Trd, 004564.460, 139
Trd, 004565.010, 157
Trd, 004565.570, 157
Trd, 004578.600, 166
Trd, 004592.250, 180
Trd, 004592.370, 181
Trd, 004592.570, 148
Trd, 004592.700, 150
Trd, 004592.860, 154
Trd, 004592.870, 153
Trd, 004592.980, 152
Trd, 004593.020, 158
Trd, 004593.050, 159
Trd, 004593.290, 164
Trd, 004593.300, 149
Trd, 004593.430, 165
Trd, 004593.500, 164
Trd, 004593.760, 166
Trd, 004593.930, 165
Trd, 004594.370, 166
Trd, 004595.310, 162
Trd, 004602.280, 165
Trd, 004615.040, 156
Trd, 004622.310, 183
Trd, 004622.320, 175
Trd, 004622.730, 153
Trd, 004622.740, 155
Trd, 004622.830, 153
Trd, 004622.970, 146
Trd, 004623.020, 148
Trd, 004623.390, 157
Trd, 004623.730, 148
Trd, 004623.760, 138
Trd, 004624.020, 142
Trd, 004625.330, 134
Trd, 004625.820, 132
Trd, 004626.590, 137
Trd, 004628.860, 148
Trd, 004652.250, 144
Trd, 004652.280, 157
Trd, 004652.410, 184
Trd, 004652.460, 167
Trd, 004652.490, 165
Trd, 004652.570, 164
Trd, 004652.580, 158
Trd, 004652.690, 149
Trd, 004652.780, 167
Trd, 004652.970, 148
Trd, 004653.310, 153
Trd, 004653.820, 150
Trd, 004653.950, 155
Trd, 004654.360, 159
Trd, 004654.420, 169
Trd, 004655.610, 150
Trd, 004659.070, 147
Trd, 004659.420, 145
Trd, 004664.540, 151
Trd, 004665.400, 171
Trd, 004669.610, 143
Trd, 004679.750, 174
Trd, 004682.330, 169
Trd, 004682.550, 146
Trd, 004682.600, 149
Trd, 004682.670, 144
Trd, 004682.750, 153
Trd, 004682.930, 147
Trd, 004683.040, 155
Trd, 004683.080, 155
Trd, 004683.340, 162
Trd, 004683.450, 163
Trd, 004683.990, 161
Trd, 004684.380, 162
Trd, 004685.930, 156
Trd, 004689.980, 152
Trd, 004699.670, 165
Trd, 004705.030, 151
Trd, 004709.280, 164
Trd, 004712.320, 196
Trd, 004712.330, 195
Trd, 004712.350, 194
Trd, 004712.490, 140
Trd, 004712.780, 161
Trd, 004712.830, 159
Trd, 004713.240, 149
Trd, 004713.270, 152
Trd, 004713.440, 155
Trd, 004713.450, 145
Trd, 004713.770, 169
Trd, 004714.180, 152
Trd, 004714.670, 159
Trd, 004714.880, 170
Trd, 004715.340, 168
Trd, 004723.970, 170
Trd, 004742.270, 182
Trd, 004742.500, 155
Trd, 004742.550, 159
Trd, 004742.660, 157
Trd, 004742.700, 150
Trd, 004742.780, 161
Trd, 004742.860, 150
Trd, 004743.220, 159
Trd, 004743.430, 160
Trd, 004743.510, 152
Trd, 004743.590, 160
Trd, 004743.790, 143
Trd, 004744.040, 151
Trd, 004744.280, 155
Trd, 004744.650, 148
Trd, 004746.600, 155
Trd, 004749.440, 165
Trd, 004765.070, 149
Trd, 004772.320, 132
Trd, 004772.420, 162
Trd, 004772.480, 146
Trd, 004773.050, 147
Trd, 004773.060, 150
Trd, 004773.120, 150
Trd, 004773.160, 157
Trd, 004773.260, 152
Trd, 004773.340, 159
Trd, 004773.430, 147
Trd, 004773.460, 157
Trd, 004774.010, 152
Trd, 004774.080, 145
Trd, 004778.100, 155
Trd, 004783.540, 149
Trd, 004802.270, 143
Trd, 004802.510, 131
Trd, 004803.050, 155
Trd, 004803.120, 155
Trd, 004803.440, 155
Trd, 004803.890, 152
Trd, 004803.930, 147
Trd, 004804.360, 149
Trd, 004804.540, 159
Trd, 004805.430, 154
Trd, 004805.440, 159
Trd, 004807.170, 157
Trd, 004807.900, 158
Trd, 004809.080, 157
Trd, 004813.670, 161
Trd, 004815.980, 160
Trd, 004816.840, 163
Trd, 004832.330, 137
Trd, 004832.540, 143
Trd, 004832.610, 145
Trd, 004832.880, 143
Trd, 004832.930, 150
Trd, 004833.410, 138
Trd, 004833.730, 153
Trd, 004834.080, 153
Trd, 004834.170, 153
Trd, 004835.000, 156
Trd, 004835.630, 156
Trd, 004835.910, 144
Trd, 004839.040, 149
Trd, 004839.450, 156
Trd, 004841.480, 157
Trd, 004857.290, 159
Trd, 004862.290, 154
Trd, 004862.530, 132
Trd, 004862.580, 135
Trd, 004862.620, 139
Trd, 004862.700, 140
Trd, 004862.890, 133
Trd, 004862.920, 133
Trd, 004863.090, 144
Trd, 004863.140, 141
Trd, 004863.360, 147
Trd, 004863.580, 143
Trd, 004863.660, 138
Trd, 004863.880, 148
Trd, 004865.290, 152
Trd, 004870.960, 154
Trd, 004871.930, 156
Trd, 004892.400, 174
Trd, 004892.440, 159
Trd, 004892.480, 155
Trd, 004892.730, 151
Trd, 004892.800, 160
Trd, 004892.830, 173
Trd, 004892.890, 164
Trd, 004893.050, 160
Trd, 004893.130, 154
Trd, 004893.170, 156
Trd, 004893.280, 168
Trd, 004893.400, 149
Trd, 004893.830, 148
Trd, 004894.420, 164
Trd, 004894.590, 148
Trd, 004894.830, 150
Trd, 004896.680, 166
Trd, 004898.010, 160
Trd, 004907.590, 173
Trd, 004910.510, 156
Trd, 004922.430, 180
Trd, 004922.560, 173
Trd, 004922.760, 166
Trd, 004922.850, 164
Trd, 004922.870, 150
Trd, 004922.990, 149
Trd, 004923.540, 159
Trd, 004923.610, 146
Trd, 004923.650, 166
Trd, 004923.840, 167
Trd, 004923.940, 162
Trd, 004923.970, 151
Trd, 004925.720, 153
Trd, 004925.930, 157
Trd, 004933.600, 160
Trd, 004941.750, 155
Trd, 004952.450, 187
Trd, 004952.590, 164
Trd, 004952.670, 163
Trd, 004952.780, 153
Trd, 004952.840, 148
Trd, 004952.900, 147
Trd, 004953.010, 167
Trd, 004953.020, 144
Trd, 004953.030, 170
Trd, 004953.060, 171
Trd, 004953.320, 155
Trd, 004953.420, 157
Trd, 004953.820, 171
Trd, 004953.980, 162
Trd, 004954.120, 161
Trd, 004954.660, 169
Trd, 004954.850, 167
Trd, 004954.990, 171
Trd, 004955.450, 164
Trd, 004956.190, 164
Trd, 004956.270, 171
Trd, 004958.440, 170
Trd, 004959.160, 171
Trd, 004965.760, 166
Trd, 004968.540, 159
Trd, 004982.410, 172
Trd, 004982.440, 172
Trd, 004982.480, 145
Trd, 004982.570, 150
Trd, 004982.640, 159
Trd, 004982.750, 149
Trd, 004982.760, 158
Trd, 004982.810, 156
Trd, 004982.930, 149
Trd, 004983.030, 153
Trd, 004983.160, 144
Trd, 004983.190, 156
Trd, 004983.850, 156
Trd, 004983.900, 169
Trd, 004984.000, 170
Trd, 004984.480, 160
Trd, 004984.530, 154
Trd, 004985.460, 168
Trd, 004986.430, 152
Trd, 004987.870, 159
Trd, 004989.720, 173
