Trd, 000030.220, 109
Trd, 000030.500, 127.0
Trd, 000030.680, 131
Trd, 000030.860, 129.0
Trd, 000030.940, 134
Trd, 000031.440, 116
Trd, 000031.980, 142
Trd, 000033.580, 147.0
Trd, 000054.560, 153
Trd, 000060.140, 134
Trd, 000060.360, 146
Trd, 000060.460, 155
Trd, 000060.560, 145.0
Trd, 000060.820, 174.0
Trd, 000061.100, 147
Trd, 000061.440, 130
Trd, 000062.440, 155
Trd, 000064.220, 145
Trd, 000082.500, 128.0
Trd, 000090.120, 139.0
Trd, 000090.660, 150
Trd, 000091.500, 156
Trd, 000091.640, 160
Trd, 000091.880, 150
Trd, 000093.360, 150.0
Trd, 000094.800, 149
Trd, 000100.660, 166
Trd, 000104.700, 131
Trd, 000108.640, 129.0
Trd, 000111.500, 121
Trd, 000120.160, 84.0
Trd, 000120.220, 130.0
Trd, 000121.140, 145.0
Trd, 000121.400, 150.0
Trd, 000122.680, 154
Trd, 000125.960, 150
Trd, 000126.180, 167
Trd, 000129.160, 166
Trd, 000132.140, 145
Trd, 000133.380, 134
Trd, 000150.320, 165
Trd, 000150.400, 143
Trd, 000150.820, 165
Trd, 000150.860, 151
Trd, 000151.040, 128
Trd, 000151.200, 127.0
Trd, 000152.180, 147.0
Trd, 000154.880, 167
Trd, 000180.440, 82.0
Trd, 000180.500, 130
Trd, 000180.620, 134.0
Trd, 000180.820, 172.0
Trd, 000181.600, 139
Trd, 000181.960, 188
Trd, 000182.340, 124.0
Trd, 000184.180, 155
Trd, 000191.920, 127
Trd, 000210.220, 129.0
Trd, 000210.740, 141.0
Trd, 000211.800, 141
Trd, 000212.580, 147.0
Trd, 000213.180, 150
Trd, 000214.920, 146
Trd, 000217.920, 148
Trd, 000235.460, 137
Trd, 000240.380, 133.0
Trd, 000240.480, 143
Trd, 000240.680, 178.0
Trd, 000240.800, 161
Trd, 000240.900, 150.0
Trd, 000245.900, 140.0
Trd, 000246.520, 176.0
Trd, 000253.820, 161
Trd, 000254.900, 134
Trd, 000271.120, 130.0
Trd, 000271.780, 128
Trd, 000271.800, 134.0
Trd, 000272.020, 144
Trd, 000272.640, 135
Trd, 000273.280, 137
Trd, 000278.180, 145
Trd, 000279.780, 149.0
Trd, 000288.540, 164
Trd, 000293.780, 124.0
Trd, 000294.740, 113
Trd, 000298.460, 155
Trd, 000300.420, 129.0
Trd, 000300.480, 133.0
Trd, 000301.260, 118
Trd, 000301.680, 179.0
Trd, 000306.600, 163
Trd, 000309.960, 163
Trd, 000310.500, 161
Trd, 000313.180, 145.0
Trd, 000330.520, 162
Trd, 000330.800, 160
Trd, 000331.480, 130.0
Trd, 000331.640, 134.0
Trd, 000331.980, 147.0
Trd, 000334.400, 150
Trd, 000338.820, 144
Trd, 000342.520, 137
Trd, 000346.320, 157
Trd, 000360.480, 140.0
Trd, 000360.820, 148.0
Trd, 000360.900, 154
Trd, 000361.040, 146
Trd, 000361.520, 128
Trd, 000361.920, 153
Trd, 000363.160, 170.0
Trd, 000372.980, 129
Trd, 000383.400, 150
Trd, 000390.480, 167
Trd, 000390.540, 140.0
Trd, 000390.720, 130
Trd, 000391.040, 127.0
Trd, 000391.860, 135
Trd, 000393.360, 144
Trd, 000394.160, 138
Trd, 000396.580, 148.0
Trd, 000402.580, 131
Trd, 000415.920, 174.0
Trd, 000420.780, 129.0
Trd, 000420.840, 110
Trd, 000421.040, 129.0
Trd, 000421.600, 129
Trd, 000422.720, 136
Trd, 000423.180, 146.0
Trd, 000423.580, 164
Trd, 000424.660, 150
Trd, 000425.340, 173.0
Trd, 000427.560, 130
Trd, 000442.140, 141
Trd, 000450.640, 151
Trd, 000451.620, 143.0
Trd, 000452.360, 150.0
Trd, 000452.800, 143
Trd, 000453.400, 171.0
Trd, 000454.020, 148
Trd, 000456.620, 154
Trd, 000460.740, 181
Trd, 000463.360, 168
Trd, 000481.040, 152
Trd, 000481.360, 140.0
Trd, 000481.760, 129.0
Trd, 000482.000, 142
Trd, 000482.520, 144.0
Trd, 000483.860, 136
Trd, 000484.660, 141
Trd, 000485.020, 133
Trd, 000488.300, 161
Trd, 000499.760, 134
Trd, 000511.140, 145
Trd, 000511.320, 148
Trd, 000511.500, 139.0
Trd, 000511.840, 151
Trd, 000512.380, 128
Trd, 000512.940, 147.0
Trd, 000514.500, 135
Trd, 000514.940, 130
Trd, 000518.660, 164
Trd, 000521.400, 174.0
Trd, 000523.080, 126.0
Trd, 000541.120, 139.0
Trd, 000541.400, 149
Trd, 000541.440, 127
Trd, 000541.480, 166
Trd, 000542.040, 173.0
Trd, 000542.840, 134.0
Trd, 000542.960, 149.0
Trd, 000544.960, 148
Trd, 000546.580, 144
Trd, 000553.000, 166
Trd, 000554.020, 133
Trd, 000570.860, 158
Trd, 000570.980, 177
Trd, 000571.140, 150
Trd, 000571.360, 131
Trd, 000571.760, 157
Trd, 000573.080, 129.0
Trd, 000573.720, 145
Trd, 000586.800, 160
Trd, 000593.480, 160
Trd, 000600.800, 125.0
Trd, 000601.020, 180.0
Trd, 000601.060, 149
Trd, 000601.920, 144.0
Trd, 000601.940, 139.0
Trd, 000611.760, 174.0
Trd, 000612.200, 159
Trd, 000622.700, 173
Trd, 000626.240, 164
Trd, 000627.400, 130
Trd, 000630.800, 160
Trd, 000631.000, 176.0
Trd, 000631.460, 153
Trd, 000631.700, 131
Trd, 000632.440, 143
Trd, 000632.740, 157
Trd, 000635.340, 145.0
Trd, 000636.640, 148
Trd, 000638.840, 160
Trd, 000645.280, 139.0
Trd, 000660.920, 134
Trd, 000661.060, 147
Trd, 000661.200, 150
Trd, 000661.300, 171.0
Trd, 000661.900, 181
Trd, 000662.740, 182.0
Trd, 000667.560, 145.0
Trd, 000670.680, 146.0
Trd, 000674.120, 133
Trd, 000676.200, 191
Trd, 000690.860, 133.0
Trd, 000691.200, 170.0
Trd, 000691.520, 155
Trd, 000691.700, 176.0
Trd, 000692.420, 181.0
Trd, 000692.580, 149
Trd, 000696.320, 143.0
Trd, 000720.960, 165
Trd, 000721.280, 128.0
Trd, 000721.520, 178.0
Trd, 000721.560, 144
Trd, 000722.100, 134.0
Trd, 000722.220, 171
Trd, 000722.240, 127.0
Trd, 000726.280, 145.0
Trd, 000735.260, 144.0
Trd, 000740.280, 162
Trd, 000744.260, 127
Trd, 000751.620, 149
Trd, 000751.680, 141.0
Trd, 000751.900, 140
Trd, 000752.360, 134.0
Trd, 000752.580, 160
Trd, 000753.340, 149
Trd, 000753.680, 167
Trd, 000755.440, 153
Trd, 000758.700, 154
Trd, 000781.180, 160
Trd, 000781.400, 151
Trd, 000781.620, 149
Trd, 000781.800, 143.0
Trd, 000781.940, 167
Trd, 000783.360, 145.0
Trd, 000783.600, 154
Trd, 000784.360, 130.0
Trd, 000786.940, 162
Trd, 000787.660, 153
Trd, 000811.020, 171
Trd, 000811.200, 182.0
Trd, 000811.440, 161
Trd, 000811.540, 148
Trd, 000813.540, 170.0
Trd, 000813.960, 151
Trd, 000828.720, 158
Trd, 000830.500, 140.0
Trd, 000832.780, 172.0
Trd, 000841.040, 171.0
Trd, 000841.220, 123
Trd, 000841.480, 147.0
Trd, 000841.620, 142.0
Trd, 000842.240, 160
Trd, 000842.440, 145
Trd, 000842.560, 141
Trd, 000843.080, 159
Trd, 000847.960, 143
Trd, 000848.680, 147
Trd, 000850.280, 129.0
Trd, 000871.740, 124.0
Trd, 000871.860, 130.0
Trd, 000871.960, 163
Trd, 000872.760, 142
Trd, 000873.100, 141
Trd, 000873.540, 134
Trd, 000874.680, 147.0
Trd, 000875.760, 165
Trd, 000881.640, 140
Trd, 000882.720, 128
Trd, 000890.200, 170.0
Trd, 000901.220, 150.0
Trd, 000901.340, 128
Trd, 000901.760, 144.0
Trd, 000902.120, 144
Trd, 000902.540, 159
Trd, 000903.200, 150
Trd, 000903.460, 161
Trd, 000906.640, 161
Trd, 000908.560, 139
Trd, 000914.520, 144
Trd, 000931.160, 84
Trd, 000931.280, 130
Trd, 000931.860, 151
Trd, 000931.980, 151
Trd, 000932.380, 135
Trd, 000933.200, 144.0
Trd, 000934.940, 149
Trd, 000937.740, 142.0
Trd, 000943.440, 164
Trd, 000961.340, 164
Trd, 000961.500, 173.0
Trd, 000961.640, 146
Trd, 000962.040, 156
Trd, 000962.180, 145.0
Trd, 000962.660, 181
Trd, 000965.680, 149.0
Trd, 000965.900, 149
Trd, 000966.840, 138
Trd, 000975.900, 128
Trd, 000991.460, 138
Trd, 000991.680, 176.0
Trd, 000991.880, 144.0
Trd, 000991.900, 149
Trd, 000992.680, 131.0
Trd, 000993.040, 128
Trd, 000994.600, 167
Trd, 000997.820, 149
Trd, 001005.780, 148
Trd, 001014.720, 172.0
Trd, 001021.880, 172.0
Trd, 001021.980, 176.0
Trd, 001022.140, 157
Trd, 001022.260, 146
Trd, 001022.320, 139
Trd, 001025.340, 159
Trd, 001025.780, 162
Trd, 001032.360, 153
Trd, 001048.660, 143.0
Trd, 001051.300, 156
Trd, 001051.740, 163
Trd, 001052.060, 171.0
Trd, 001052.180, 160
Trd, 001052.320, 173.0
Trd, 001052.540, 157
Trd, 001052.580, 145.0
Trd, 001053.320, 150.0
Trd, 001055.080, 134
Trd, 001081.560, 156
Trd, 001081.700, 154
Trd, 001081.800, 170.0
Trd, 001082.220, 131
Trd, 001082.760, 165
Trd, 001083.080, 162
Trd, 001087.440, 153
Trd, 001088.960, 154
Trd, 001095.960, 144.0
Trd, 001099.140, 139
Trd, 001107.880, 154
Trd, 001111.420, 146.0
Trd, 001111.500, 161
Trd, 001111.700, 124.0
Trd, 001111.760, 135.0
Trd, 001112.200, 172.0
Trd, 001113.620, 182.0
Trd, 001117.760, 146
Trd, 001121.040, 149
Trd, 001137.360, 145
Trd, 001141.460, 85.0
Trd, 001141.560, 127.0
Trd, 001141.660, 133.0
Trd, 001142.720, 176.0
Trd, 001143.600, 146.0
Trd, 001144.380, 147
Trd, 001146.500, 143.0
Trd, 001148.240, 161
Trd, 001148.720, 126
Trd, 001171.060, 138
Trd, 001171.500, 128.0
Trd, 001172.720, 143.0
Trd, 001172.880, 146.0
Trd, 001173.700, 170.0
Trd, 001173.840, 133.0
Trd, 001175.840, 142
Trd, 001184.300, 159
Trd, 001184.380, 173
Trd, 001195.120, 156
Trd, 001200.480, 135
Trd, 001201.540, 151
Trd, 001201.760, 152
Trd, 001202.260, 178.0
Trd, 001202.980, 157
Trd, 001203.020, 143.0
Trd, 001214.120, 132
Trd, 001217.680, 153
Trd, 001230.740, 175.0
Trd, 001231.600, 193
Trd, 001231.740, 130.0
Trd, 001232.100, 116
Trd, 001232.240, 134.0
Trd, 001232.260, 139
Trd, 001232.620, 176.0
Trd, 001234.640, 162
Trd, 001240.220, 150
Trd, 001247.800, 152
Trd, 001257.880, 144.0
Trd, 001261.740, 128.0
Trd, 001261.920, 130.0
Trd, 001262.200, 139
Trd, 001262.460, 142
Trd, 001262.760, 144.0
Trd, 001263.220, 162
Trd, 001264.720, 145.0
Trd, 001265.820, 128
Trd, 001266.260, 129
Trd, 001266.740, 172.0
Trd, 001274.060, 145
Trd, 001291.720, 134.0
Trd, 001292.440, 150.0
Trd, 001292.660, 156.0
Trd, 001293.560, 147.0
Trd, 001299.760, 154
Trd, 001314.440, 153
Trd, 001321.900, 154
Trd, 001322.000, 162
Trd, 001322.500, 151.0
Trd, 001322.640, 151
Trd, 001323.540, 155.0
Trd, 001325.080, 149
Trd, 001327.160, 155
Trd, 001351.760, 177.0
Trd, 001352.020, 149
Trd, 001352.680, 140.0
Trd, 001354.020, 149.0
Trd, 001355.340, 150
Trd, 001355.500, 157.0
Trd, 001356.000, 157
Trd, 001380.580, 148
Trd, 001382.000, 149.0
Trd, 001382.300, 134
Trd, 001383.220, 146
Trd, 001383.800, 147
Trd, 001386.960, 150.0
Trd, 001395.280, 156
Trd, 001403.160, 156.0
Trd, 001412.000, 152
Trd, 001412.180, 141.0
Trd, 001412.440, 150
Trd, 001412.620, 156
Trd, 001414.280, 156
Trd, 001414.540, 157.0
Trd, 001420.220, 149.0
Trd, 001422.180, 162
Trd, 001442.860, 132.0
Trd, 001444.420, 146
Trd, 001444.740, 147
Trd, 001444.900, 147.0
Trd, 001447.380, 149.0
Trd, 001466.740, 155.0
Trd, 001472.200, 132.0
Trd, 001472.380, 155
Trd, 001473.280, 148
Trd, 001474.700, 148.0
Trd, 001477.500, 151.0
Trd, 001488.500, 154
Trd, 001492.780, 155.0
Trd, 001501.980, 182.0
Trd, 001502.360, 148.0
Trd, 001502.440, 150.0
Trd, 001502.520, 156.0
Trd, 001502.860, 144.0
Trd, 001504.100, 157
Trd, 001507.520, 153
Trd, 001515.460, 144
Trd, 001526.540, 155
Trd, 001532.180, 166.0
Trd, 001532.900, 150.0
Trd, 001532.940, 144
Trd, 001533.340, 150
Trd, 001535.660, 148
Trd, 001537.160, 147
Trd, 001560.060, 153
Trd, 001562.220, 149
Trd, 001562.560, 149.0
Trd, 001562.820, 154
Trd, 001563.440, 154
Trd, 001565.180, 154
Trd, 001565.640, 157.0
Trd, 001565.840, 150
Trd, 001566.860, 162
Trd, 001592.320, 166.0
Trd, 001592.700, 165
Trd, 001592.800, 170
Trd, 001593.000, 146
Trd, 001593.240, 147.0
Trd, 001595.280, 151
Trd, 001598.900, 145
Trd, 001612.920, 149.0
Trd, 001622.520, 148
Trd, 001622.800, 149.0
Trd, 001623.000, 151
Trd, 001624.600, 149
Trd, 001627.440, 149.0
Trd, 001640.560, 151
Trd, 001644.420, 154
Trd, 001652.380, 157.0
Trd, 001652.680, 148.0
Trd, 001653.160, 157
Trd, 001653.660, 156
Trd, 001653.980, 149.0
Trd, 001654.960, 160
Trd, 001661.360, 156
Trd, 001682.600, 134.0
Trd, 001682.840, 156.0
Trd, 001683.040, 156
Trd, 001684.100, 149.0
Trd, 001684.440, 149.0
Trd, 001688.060, 165
Trd, 001695.180, 154
Trd, 001712.280, 147.0
Trd, 001712.800, 150.0
Trd, 001712.900, 156.0
Trd, 001713.340, 166.0
Trd, 001714.120, 170
Trd, 001714.700, 182
Trd, 001716.200, 147
Trd, 001742.340, 175
Trd, 001742.800, 149.0
Trd, 001743.920, 149
Trd, 001744.040, 150.0
Trd, 001744.100, 145.0
Trd, 001745.860, 154
Trd, 001748.040, 157.0
Trd, 001748.640, 164.0
Trd, 001771.080, 164
Trd, 001772.720, 134.0
Trd, 001773.420, 147
Trd, 001773.460, 149.0
Trd, 001773.780, 147.0
Trd, 001777.760, 154
Trd, 001780.540, 156.0
Trd, 001791.960, 165
Trd, 001802.980, 161
Trd, 001803.440, 156.0
Trd, 001803.580, 154
Trd, 001803.880, 144.0
Trd, 001805.980, 147.0
Trd, 001806.360, 149.0
Trd, 001808.160, 162
Trd, 001825.040, 166.0
Trd, 001832.520, 158
Trd, 001832.660, 154
Trd, 001832.720, 147.0
Trd, 001833.460, 151.0
Trd, 001833.720, 154
Trd, 001836.780, 155.0
Trd, 001840.660, 162
Trd, 001862.520, 176.0
Trd, 001863.480, 149.0
Trd, 001863.600, 150.0
Trd, 001864.040, 140.0
Trd, 001864.360, 152
Trd, 001869.580, 153
Trd, 001870.620, 160
Trd, 001890.540, 153
Trd, 001892.780, 176.0
Trd, 001893.020, 173.0
Trd, 001893.120, 152
Trd, 001893.440, 182
Trd, 001893.700, 148.0
Trd, 001894.100, 147
Trd, 001902.760, 156
Trd, 001904.340, 157.0
Trd, 001913.400, 148
Trd, 001922.540, 161
Trd, 001922.740, 157.0
Trd, 001922.920, 151.0
Trd, 001923.200, 157
Trd, 001924.280, 150
Trd, 001924.640, 148.0
Trd, 001931.760, 145
Trd, 001944.920, 145
Trd, 001952.560, 177.0
Trd, 001952.760, 151.0
Trd, 001953.540, 134.0
Trd, 001956.360, 146
Trd, 001957.200, 148.0
Trd, 001957.660, 155.0
Trd, 001957.720, 155
Trd, 001982.840, 155.0
Trd, 001983.580, 150.0
Trd, 001983.660, 141.0
Trd, 001984.000, 147.0
Trd, 001984.200, 149
Trd, 001987.740, 149
Trd, 001990.600, 155
Trd, 002012.620, 182.0
Trd, 002012.980, 133.0
Trd, 002013.720, 149.0
Trd, 002015.200, 151
Trd, 002018.640, 152
Trd, 002020.800, 153
Trd, 002023.080, 157.0
Trd, 002028.300, 162
Trd, 002042.940, 139.0
Trd, 002043.020, 150.0
Trd, 002043.220, 158
Trd, 002043.780, 151
Trd, 002044.260, 153
Trd, 002044.380, 155
Trd, 002045.760, 155.0
Trd, 002073.180, 147
Trd, 002073.240, 143
Trd, 002073.280, 150
Trd, 002073.520, 151.0
Trd, 002073.760, 156.0
Trd, 002074.040, 156
Trd, 002076.160, 147.0
Trd, 002079.080, 161
Trd, 002103.160, 149.0
Trd, 002103.240, 147
Trd, 002103.380, 150.0
Trd, 002104.380, 144
Trd, 002104.460, 153
Trd, 002104.980, 154
Trd, 002106.780, 155.0
Trd, 002131.720, 158
Trd, 002133.080, 151.0
Trd, 002133.160, 132.0
Trd, 002134.020, 155.0
Trd, 002134.760, 147
Trd, 002135.040, 148.0
Trd, 002135.060, 154
Trd, 002138.200, 159
Trd, 002148.740, 160
Trd, 002163.020, 142.0
Trd, 002163.360, 157
Trd, 002163.640, 147.0
Trd, 002163.840, 159
Trd, 002163.860, 162
Trd, 002165.120, 155.0
Trd, 002170.180, 147
Trd, 002173.340, 148
Trd, 002192.960, 156.0
Trd, 002193.840, 148.0
Trd, 002193.860, 151
Trd, 002194.360, 153
Trd, 002194.580, 140
Trd, 002200.660, 148
Trd, 002211.680, 151.0
Trd, 002223.120, 180.0
Trd, 002223.220, 174.0
Trd, 002224.480, 148
Trd, 002225.440, 149.0
Trd, 002225.640, 150.0
Trd, 002230.280, 154
Trd, 002235.140, 155.0
Trd, 002253.120, 134.0
Trd, 002253.620, 149.0
Trd, 002254.620, 147
Trd, 002255.940, 148.0
Trd, 002260.920, 151
Trd, 002271.320, 155.0
Trd, 002282.960, 177.0
Trd, 002283.220, 149.0
Trd, 002284.100, 147.0
Trd, 002285.980, 146
Trd, 002287.000, 147
Trd, 002290.320, 155.0
Trd, 002300.880, 155
Trd, 002311.360, 147
Trd, 002313.260, 141.0
Trd, 002313.700, 154
Trd, 002314.160, 149.0
Trd, 002315.340, 153
Trd, 002316.500, 150.0
Trd, 002318.640, 155
Trd, 002319.800, 156.0
Trd, 002321.960, 160
Trd, 002322.880, 144
Trd, 002343.200, 148.0
Trd, 002343.340, 155
Trd, 002343.900, 134.0
Trd, 002344.660, 150.0
Trd, 002347.300, 149
Trd, 002351.840, 154
Trd, 002352.600, 156.0
Trd, 002357.960, 163
Trd, 002361.040, 152
Trd, 002373.180, 176.0
Trd, 002373.380, 165.0
Trd, 002374.740, 145.0
Trd, 002374.880, 150
Trd, 002376.680, 149
Trd, 002377.080, 151.0
Trd, 002378.340, 154
Trd, 002380.700, 155.0
Trd, 002403.120, 150.0
Trd, 002404.300, 157.0
Trd, 002405.440, 148.0
Trd, 002405.780, 143
Trd, 002406.380, 150
Trd, 002409.800, 155
Trd, 002413.060, 152
Trd, 002433.320, 149
Trd, 002434.100, 148
Trd, 002434.200, 150
Trd, 002435.200, 151.0
Trd, 002435.260, 161
Trd, 002435.320, 147
Trd, 002439.460, 148.0
Trd, 002447.840, 154
Trd, 002459.560, 144.0
Trd, 002463.500, 175.0
Trd, 002463.840, 168
Trd, 002464.360, 144
Trd, 002464.460, 147
Trd, 002464.740, 149.0
Trd, 002466.940, 154
Trd, 002468.840, 152
Trd, 002482.780, 153
Trd, 002493.260, 133.0
Trd, 002493.820, 148
Trd, 002494.260, 148.0
Trd, 002495.460, 149.0
Trd, 002497.500, 155
Trd, 002500.800, 155.0
Trd, 002523.320, 153
Trd, 002524.060, 150.0
Trd, 002524.280, 157.0
Trd, 002524.500, 147
Trd, 002525.520, 145.0
Trd, 002526.800, 148.0
Trd, 002537.220, 154
Trd, 002543.740, 162
Trd, 002553.360, 124
Trd, 002553.440, 86.0
Trd, 002554.060, 167.0
Trd, 002554.700, 166.0
Trd, 002554.880, 153.0
Trd, 002565.480, 162
Trd, 002566.980, 162
Trd, 002578.640, 163
Trd, 002583.360, 160
Trd, 002583.500, 130.0
Trd, 002583.920, 168.0
Trd, 002584.900, 154.0
Trd, 002585.480, 147.0
Trd, 002585.500, 157
Trd, 002587.400, 158
Trd, 002590.320, 148
Trd, 002591.980, 161
Trd, 002599.580, 144
Trd, 002611.640, 170.0
Trd, 002613.400, 157
Trd, 002613.580, 132
Trd, 002613.600, 133.0
Trd, 002614.020, 167.0
Trd, 002614.040, 149
Trd, 002614.460, 149.0
Trd, 002615.560, 142
Trd, 002619.680, 156
Trd, 002626.960, 154.0
Trd, 002630.260, 150
Trd, 002632.600, 147
Trd, 002643.480, 131
Trd, 002643.560, 153
Trd, 002643.660, 150
Trd, 002643.740, 165.0
Trd, 002643.980, 132
Trd, 002644.760, 145
Trd, 002650.460, 155.0
Trd, 002656.660, 154
Trd, 002659.880, 163
Trd, 002673.620, 165.0
Trd, 002673.680, 161
Trd, 002673.760, 158
Trd, 002674.000, 132.0
Trd, 002674.120, 140
Trd, 002674.140, 141
Trd, 002674.800, 133.0
Trd, 002675.360, 157
Trd, 002676.780, 154.0
Trd, 002678.880, 149
Trd, 002690.660, 147
Trd, 002703.600, 167.0
Trd, 002703.720, 147.0
Trd, 002704.060, 143
Trd, 002704.800, 164
Trd, 002705.460, 155.0
Trd, 002705.700, 163
Trd, 002706.380, 156
Trd, 002711.820, 155
Trd, 002717.200, 151
Trd, 002728.460, 149.0
Trd, 002733.620, 166.0
Trd, 002733.900, 153.0
Trd, 002734.000, 152
Trd, 002734.020, 165
Trd, 002734.260, 146
Trd, 002735.540, 153
Trd, 002741.840, 153
Trd, 002741.980, 163
Trd, 002754.320, 148.0
Trd, 002755.340, 154
Trd, 002763.820, 151
Trd, 002764.220, 168.0
Trd, 002764.300, 161
Trd, 002764.600, 153.0
Trd, 002765.740, 149.0
Trd, 002766.200, 148
Trd, 002766.360, 147
Trd, 002766.840, 147
Trd, 002768.920, 146
Trd, 002771.720, 150.0
Trd, 002788.520, 144
Trd, 002793.660, 130.0
Trd, 002794.120, 166.0
Trd, 002794.180, 147
Trd, 002795.100, 154.0
Trd, 002802.140, 169
Trd, 002803.320, 166.0
Trd, 002812.260, 160
Trd, 002823.900, 124.0
Trd, 002823.960, 111
Trd, 002824.420, 155.0
Trd, 002824.720, 153
Trd, 002825.160, 150
Trd, 002825.320, 147.0
Trd, 002825.480, 134.0
Trd, 002825.620, 142
Trd, 002826.160, 162
Trd, 002833.960, 154
Trd, 002847.280, 149
Trd, 002852.240, 154
Trd, 002853.720, 140
Trd, 002854.160, 149
Trd, 002854.180, 150.0
Trd, 002854.800, 163
Trd, 002854.900, 155
Trd, 002855.020, 165
Trd, 002855.520, 154.0
Trd, 002860.000, 158
Trd, 002871.520, 153
Trd, 002874.280, 150
Trd, 002884.160, 168.0
Trd, 002884.220, 165.0
Trd, 002884.240, 150
Trd, 002884.340, 148.0
Trd, 002884.440, 141
Trd, 002885.120, 153
Trd, 002886.700, 155
Trd, 002888.220, 156
Trd, 002888.820, 153
Trd, 002891.260, 141
Trd, 002892.220, 160
Trd, 002913.820, 164.0
Trd, 002914.580, 150.0
Trd, 002914.860, 151
Trd, 002915.420, 149.0
Trd, 002915.800, 151
Trd, 002916.820, 145
Trd, 002916.880, 141
Trd, 002919.920, 154
Trd, 002926.620, 155
Trd, 002930.640, 152
Trd, 002944.220, 154
Trd, 002944.600, 147.0
Trd, 002944.660, 159
Trd, 002944.740, 143
Trd, 002945.340, 155.0
Trd, 002946.340, 160
Trd, 002947.380, 161
Trd, 002947.560, 151
Trd, 002948.300, 162
Trd, 002956.280, 149
Trd, 002966.080, 156
Trd, 002969.640, 160
Trd, 002973.860, 166.0
Trd, 002974.240, 164
Trd, 002975.080, 153.0
Trd, 002975.240, 149
Trd, 002976.160, 149
Trd, 002976.740, 161
Trd, 002988.840, 158
Trd, 002994.380, 148.0
Trd, 002997.340, 147
Trd, 003004.300, 155.0
Trd, 003004.500, 148
Trd, 003004.600, 153
Trd, 003005.120, 153
Trd, 003005.960, 156
Trd, 003006.260, 147.0
Trd, 003006.440, 157
Trd, 003010.520, 154
Trd, 003017.760, 144
Trd, 003023.560, 166
Trd, 003034.080, 160
Trd, 003034.160, 148
Trd, 003034.260, 143
Trd, 003034.620, 153
Trd, 003034.900, 155.0
Trd, 003035.920, 152
Trd, 003038.560, 158
Trd, 003040.100, 164
Trd, 003064.060, 88.0
Trd, 003064.240, 144.0
Trd, 003064.460, 132.0
Trd, 003065.260, 153.0
Trd, 003071.160, 155
Trd, 003088.340, 157
Trd, 003094.020, 86.0
Trd, 003094.460, 134
Trd, 003094.660, 166.0
Trd, 003095.200, 167.0
Trd, 003105.240, 161
Trd, 003124.540, 165.0
Trd, 003125.020, 166.0
Trd, 003125.040, 153.0
Trd, 003126.920, 156
Trd, 003127.160, 161
Trd, 003138.760, 158
Trd, 003154.300, 166.0
Trd, 003154.740, 168.0
Trd, 003155.040, 161
Trd, 003155.740, 148.0
Trd, 003156.900, 155.0
Trd, 003157.820, 154
Trd, 003159.680, 147
Trd, 003160.860, 151
Trd, 003173.800, 159
Trd, 003182.500, 161
Trd, 003184.160, 88.0
Trd, 003184.440, 168.0
Trd, 003186.660, 153.0
Trd, 003186.960, 164.0
Trd, 003187.760, 150
Trd, 003188.420, 149.0
Trd, 003190.300, 143
Trd, 003197.400, 159
Trd, 003202.780, 166
Trd, 003211.260, 167
Trd, 003214.340, 149.0
Trd, 003214.400, 135
Trd, 003214.800, 155
Trd, 003214.840, 149.0
Trd, 003215.500, 156
Trd, 003215.720, 157
Trd, 003219.100, 154.0
Trd, 003228.220, 162
Trd, 003228.260, 149
Trd, 003244.260, 86.0
Trd, 003244.500, 129
Trd, 003244.720, 133.0
Trd, 003244.880, 148.0
Trd, 003245.820, 164
Trd, 003246.600, 154.0
Trd, 003252.860, 159
Trd, 003259.560, 171
Trd, 003260.280, 161
Trd, 003266.640, 149.0
Trd, 003274.540, 158
Trd, 003274.820, 154.0
Trd, 003275.240, 147.0
Trd, 003275.700, 158
Trd, 003275.860, 153
Trd, 003276.980, 156
Trd, 003279.280, 165
Trd, 003281.760, 144
Trd, 003285.300, 144
Trd, 003304.580, 155.0
Trd, 003304.740, 157
Trd, 003305.100, 148
Trd, 003305.320, 147.0
Trd, 003305.960, 156
Trd, 003306.260, 148
Trd, 003307.840, 162
Trd, 003308.660, 150
Trd, 003313.720, 160
Trd, 003318.480, 143
Trd, 003334.820, 157
Trd, 003334.840, 143
Trd, 003335.160, 153
Trd, 003335.600, 147.0
Trd, 003335.760, 158
Trd, 003335.980, 159
Trd, 003336.220, 160
Trd, 003336.720, 154.0
Trd, 003346.420, 164
Trd, 003353.900, 166
Trd, 003364.480, 150.0
Trd, 003364.560, 140
Trd, 003364.940, 155.0
Trd, 003365.600, 166.0
Trd, 003369.800, 161
Trd, 003373.900, 155
Trd, 003381.120, 153
Trd, 003383.540, 157
Trd, 003385.160, 148
Trd, 003385.480, 150
Trd, 003394.620, 134
Trd, 003395.020, 147.0
Trd, 003395.420, 152
Trd, 003396.060, 148
Trd, 003396.080, 151
Trd, 003396.200, 141
Trd, 003396.400, 156
Trd, 003398.340, 154
Trd, 003406.380, 164
Trd, 003409.380, 160
Trd, 003414.180, 154.0
Trd, 003424.680, 87.0
Trd, 003424.780, 157
Trd, 003424.880, 126.0
Trd, 003425.140, 150.0
Trd, 003425.360, 135
Trd, 003426.120, 154.0
Trd, 003428.840, 162
Trd, 003444.800, 150
Trd, 003454.680, 145
Trd, 003454.800, 151
Trd, 003454.940, 145
Trd, 003455.020, 151
Trd, 003455.640, 150
Trd, 003455.780, 154
Trd, 003456.060, 142
Trd, 003456.140, 133.0
Trd, 003456.360, 152
Trd, 003460.200, 149
Trd, 003470.320, 160
Trd, 003471.960, 147.0
Trd, 003484.600, 126.0
Trd, 003484.700, 109
Trd, 003485.040, 147.0
Trd, 003485.080, 149.0
Trd, 003489.360, 167.0
Trd, 003494.620, 164.0
Trd, 003498.220, 160
Trd, 003499.560, 158
Trd, 003500.960, 147
Trd, 003503.340, 164
Trd, 003514.680, 147
Trd, 003515.040, 147.0
Trd, 003515.060, 135
Trd, 003515.480, 168.0
Trd, 003515.720, 161
Trd, 003516.020, 158
Trd, 003518.840, 160
Trd, 003519.500, 161
Trd, 003521.640, 153.0
Trd, 003525.200, 146
Trd, 003544.780, 156
Trd, 003545.000, 150.0
Trd, 003545.180, 143
Trd, 003545.260, 144
Trd, 003545.860, 147.0
Trd, 003546.520, 166.0
Trd, 003546.660, 160
Trd, 003546.720, 143
Trd, 003553.080, 166.0
Trd, 003574.880, 160
Trd, 003574.960, 155
Trd, 003575.160, 153.0
Trd, 003575.340, 149.0
Trd, 003575.360, 147
Trd, 003575.780, 159
Trd, 003575.800, 134.0
Trd, 003576.660, 159
Trd, 003576.860, 140
Trd, 003583.640, 165.0
Trd, 003591.860, 159
Trd, 003605.160, 164.0
Trd, 003605.520, 161
Trd, 003605.600, 157
Trd, 003605.820, 165
Trd, 003605.860, 167
Trd, 003606.700, 153.0
Trd, 003608.020, 148
Trd, 003608.400, 148.0
Trd, 003634.760, 148
Trd, 003634.880, 142
Trd, 003635.020, 130.0
Trd, 003635.760, 166.0
Trd, 003636.200, 166.0
Trd, 003636.320, 154.0
Trd, 003638.060, 148.0
Trd, 003642.860, 152
Trd, 003657.320, 164
Trd, 003665.120, 148.0
Trd, 003665.240, 135.0
Trd, 003665.340, 133
Trd, 003665.580, 145.0
Trd, 003665.720, 160
Trd, 003666.520, 151
Trd, 003667.000, 146
Trd, 003667.720, 164
Trd, 003674.640, 165.0
Trd, 003675.160, 147
Trd, 003678.000, 144
Trd, 003695.300, 143
Trd, 003695.440, 145
Trd, 003695.460, 142
Trd, 003695.560, 153
Trd, 003696.040, 154
Trd, 003697.080, 166.0
Trd, 003697.420, 148.0
Trd, 003697.600, 145
Trd, 003706.380, 165
Trd, 003713.440, 154
Trd, 003725.180, 149.0
Trd, 003725.220, 143
Trd, 003725.380, 167.0
Trd, 003726.240, 155
Trd, 003730.440, 161
Trd, 003732.060, 153.0
Trd, 003732.560, 161
Trd, 003735.100, 158
Trd, 003739.880, 149.0
Trd, 003744.240, 150
Trd, 003755.040, 155
Trd, 003755.420, 167.0
Trd, 003755.820, 164.0
Trd, 003756.080, 155.0
Trd, 003756.160, 149
Trd, 003756.700, 158
Trd, 003757.620, 151
Trd, 003758.920, 147.0
Trd, 003767.960, 161
Trd, 003768.260, 173.0
Trd, 003776.800, 144
Trd, 003783.880, 157
Trd, 003785.100, 282.0
Trd, 003785.220, 261
Trd, 003785.280, 243.0
Trd, 003785.460, 230
Trd, 003786.900, 255.0
Trd, 003792.500, 280.0
Trd, 003793.340, 281.0
Trd, 003801.220, 263
Trd, 003811.140, 266
Trd, 003812.920, 271
Trd, 003815.140, 260
Trd, 003815.320, 277.0
Trd, 003815.380, 252.0
Trd, 003815.640, 241.0
Trd, 003816.440, 242
Trd, 003828.720, 244
Trd, 003831.360, 260.0
Trd, 003831.700, 266
Trd, 003832.300, 269
Trd, 003845.200, 243.0
Trd, 003845.680, 260.0
Trd, 003846.680, 270
Trd, 003847.600, 272
Trd, 003871.480, 278.0
Trd, 003875.320, 244.0
Trd, 003875.480, 242
Trd, 003875.760, 244
Trd, 003875.960, 257.0
Trd, 003876.580, 240.0
Trd, 003878.320, 255
Trd, 003879.440, 263
Trd, 003895.500, 252.0
Trd, 003902.820, 256
Trd, 003905.420, 256.0
Trd, 003905.500, 260
Trd, 003905.820, 261
Trd, 003905.940, 266
Trd, 003906.120, 268
Trd, 003906.280, 257
Trd, 003907.360, 247.0
Trd, 003925.540, 249
Trd, 003935.360, 245
Trd, 003935.460, 240.0
Trd, 003935.740, 277.0
Trd, 003936.240, 245.0
Trd, 003936.260, 259.0
Trd, 003936.580, 242.0
Trd, 003937.040, 269
Trd, 003939.480, 227
Trd, 003940.060, 263
Trd, 003940.980, 229
Trd, 003965.300, 256.0
Trd, 003965.400, 254
Trd, 003965.720, 242.0
Trd, 003966.520, 244
Trd, 003966.760, 256.0
Trd, 003982.640, 243.0
Trd, 003983.600, 255
Trd, 003995.380, 209.0
Trd, 003995.740, 258.0
Trd, 003995.840, 280.0
Trd, 003997.220, 256.0
Trd, 003997.900, 251
Trd, 004003.220, 265.0
Trd, 004003.640, 262
Trd, 004004.380, 261.0
Trd, 004004.920, 263
Trd, 004008.540, 265
Trd, 004008.720, 243
Trd, 004017.280, 258
Trd, 004019.060, 270
Trd, 004025.500, 263
Trd, 004025.720, 242.0
Trd, 004025.820, 247
Trd, 004026.060, 241.0
Trd, 004026.140, 243.0
Trd, 004026.660, 245.0
Trd, 004026.900, 249.0
Trd, 004027.140, 243
Trd, 004031.220, 258.0
Trd, 004035.180, 263
Trd, 004040.460, 271
Trd, 004055.380, 277.0
Trd, 004055.440, 283.0
Trd, 004055.820, 255
Trd, 004056.100, 257.0
Trd, 004056.800, 255.0
Trd, 004057.440, 253
Trd, 004057.600, 252
Trd, 004059.080, 253
Trd, 004060.140, 244
Trd, 004063.380, 242
Trd, 004063.800, 254
Trd, 004064.780, 278.0
Trd, 004074.940, 256
Trd, 004075.000, 239.0
Trd, 004085.360, 259
Trd, 004085.600, 246.0
Trd, 004085.900, 244
Trd, 004086.420, 281.0
Trd, 004086.740, 255.0
Trd, 004089.220, 252
Trd, 004089.460, 251
Trd, 004090.060, 252.0
Trd, 004091.120, 256
Trd, 004094.260, 245
Trd, 004107.880, 240.0
Trd, 004108.040, 274
Trd, 004115.500, 225
Trd, 004115.820, 272
Trd, 004116.340, 255.0
Trd, 004116.360, 256.0
Trd, 004116.900, 259.0
Trd, 004117.040, 258
Trd, 004117.720, 255
Trd, 004119.440, 245
Trd, 004121.280, 246
Trd, 004121.300, 251.0
Trd, 004122.980, 254
Trd, 004128.480, 242.0
Trd, 004139.620, 238
Trd, 004145.580, 282.0
Trd, 004145.740, 280.0
Trd, 004145.760, 264.0
Trd, 004146.160, 262
Trd, 004146.540, 260
Trd, 004147.220, 256
Trd, 004149.400, 254.0
Trd, 004150.020, 240
Trd, 004155.120, 254
Trd, 004156.900, 250
Trd, 004157.320, 251
Trd, 004166.320, 256
Trd, 004173.540, 239.0
Trd, 004175.760, 255.0
Trd, 004176.060, 250.0
Trd, 004176.240, 247
Trd, 004176.380, 245
Trd, 004176.860, 247
Trd, 004177.300, 247.0
Trd, 004177.520, 246.0
Trd, 004177.800, 249.0
Trd, 004178.000, 259.0
Trd, 004178.920, 255
Trd, 004203.600, 243.0
Trd, 004205.560, 267
Trd, 004205.700, 270
Trd, 004205.780, 256
Trd, 004206.360, 250
Trd, 004206.720, 254
Trd, 004208.200, 248.0
Trd, 004208.440, 248.0
Trd, 004208.620, 256
Trd, 004208.920, 242.0
Trd, 004211.560, 252.0
Trd, 004212.780, 254
Trd, 004215.440, 260.0
Trd, 004219.120, 240
Trd, 004235.880, 241.0
Trd, 004236.000, 242
Trd, 004236.320, 245.0
Trd, 004236.380, 245
Trd, 004236.460, 245
Trd, 004237.760, 244.0
Trd, 004238.180, 243
Trd, 004239.640, 240.0
Trd, 004239.900, 248.0
Trd, 004242.640, 245
Trd, 004243.560, 254
Trd, 004247.780, 255
Trd, 004265.640, 235
Trd, 004266.040, 252.0
Trd, 004266.240, 256
Trd, 004267.200, 253
Trd, 004267.420, 259
Trd, 004267.540, 250
Trd, 004267.820, 252
Trd, 004268.780, 257
Trd, 004269.160, 253
Trd, 004270.840, 252
Trd, 004277.920, 245
Trd, 004284.700, 243
Trd, 004290.540, 260.0
Trd, 004295.500, 242
Trd, 004295.680, 268
Trd, 004295.900, 240.0
Trd, 004296.360, 243.0
Trd, 004296.700, 241.0
Trd, 004296.940, 243
Trd, 004297.080, 252.0
Trd, 004297.480, 249
Trd, 004299.240, 257
Trd, 004301.280, 256.0
Trd, 004305.420, 258.0
Trd, 004308.140, 272
Trd, 004325.560, 267
Trd, 004325.760, 248
Trd, 004325.900, 244.0
Trd, 004326.160, 255
Trd, 004326.400, 250
Trd, 004327.100, 254.0
Trd, 004327.260, 243
Trd, 004329.980, 256.0
Trd, 004333.620, 260.0
Trd, 004333.980, 260
Trd, 004337.560, 256
Trd, 004339.920, 260
Trd, 004348.000, 249
Trd, 004355.880, 247.0
Trd, 004356.020, 256.0
Trd, 004356.120, 257
Trd, 004356.360, 252.0
Trd, 004356.660, 252
Trd, 004357.660, 251
Trd, 004358.700, 254
Trd, 004361.800, 256
Trd, 004362.740, 256.0
Trd, 004364.660, 247
Trd, 004368.500, 247
Trd, 004373.860, 242
Trd, 004385.620, 242.0
Trd, 004386.400, 254.0
Trd, 004386.580, 252.0
Trd, 004386.720, 256.0
Trd, 004387.360, 243
Trd, 004387.920, 245.0
Trd, 004389.040, 249
Trd, 004389.340, 251
Trd, 004391.620, 248
Trd, 004392.060, 251.0
Trd, 004398.600, 255
Trd, 004401.480, 260.0
Trd, 004415.800, 282.0
Trd, 004416.060, 271
Trd, 004416.180, 256
Trd, 004416.240, 256
Trd, 004416.600, 269
Trd, 004417.520, 256
Trd, 004418.000, 260
Trd, 004418.400, 271
Trd, 004419.180, 254
Trd, 004421.660, 265.0
Trd, 004424.640, 252.0
Trd, 004445.600, 278.0
Trd, 004445.780, 242.0
Trd, 004445.880, 244.0
Trd, 004446.340, 248.0
Trd, 004446.420, 258.0
Trd, 004446.560, 252
Trd, 004447.180, 259
Trd, 004447.880, 269
Trd, 004448.560, 256
Trd, 004449.560, 253.0
Trd, 004456.680, 249.0
Trd, 004465.040, 271
Trd, 004475.740, 245.0
Trd, 004475.780, 250.0
Trd, 004476.240, 241
Trd, 004476.300, 238.0
Trd, 004476.360, 243.0
Trd, 004477.120, 245.0
Trd, 004477.880, 258.0
Trd, 004480.000, 268
Trd, 004481.100, 258
Trd, 004489.280, 259
Trd, 004494.340, 270
Trd, 004505.800, 285.0
Trd, 004505.840, 252.0
Trd, 004506.520, 247
Trd, 004507.140, 247.0
Trd, 004507.200, 242.0
Trd, 004507.640, 257
Trd, 004508.120, 253.0
Trd, 004508.820, 253.0
Trd, 004510.140, 255
Trd, 004510.360, 258.0
Trd, 004519.660, 251
Trd, 004524.060, 263
Trd, 004535.700, 209.0
Trd, 004535.860, 241.0
Trd, 004535.960, 253
Trd, 004535.980, 259.0
Trd, 004537.120, 283.0
Trd, 004537.760, 285.0
Trd, 004538.080, 279.0
Trd, 004538.340, 277
Trd, 004541.340, 244
Trd, 004541.940, 248.0
Trd, 004542.360, 248
Trd, 004545.320, 243.0
Trd, 004548.160, 226
Trd, 004553.060, 258
Trd, 004565.780, 256
Trd, 004566.060, 230
Trd, 004566.140, 236
Trd, 004566.160, 249.0
Trd, 004566.280, 225
Trd, 004566.480, 251.0
Trd, 004566.740, 244.0
Trd, 004567.620, 239.0
Trd, 004567.840, 251
Trd, 004568.080, 257.0
Trd, 004593.240, 264.0
Trd, 004595.320, 243.0
Trd, 004595.720, 297
Trd, 004595.980, 285.0
Trd, 004596.540, 254.0
Trd, 004596.700, 254.0
Trd, 004597.120, 254.0
Trd, 004597.420, 251
Trd, 004597.460, 260.0
Trd, 004597.720, 259
Trd, 004602.140, 260
Trd, 004617.280, 263
Trd, 004617.620, 256
Trd, 004625.840, 272.0
Trd, 004626.160, 242.0
Trd, 004626.220, 256.0
Trd, 004626.500, 259.0
Trd, 004626.600, 252.0
Trd, 004627.060, 251
Trd, 004627.080, 259
Trd, 004630.320, 260
Trd, 004635.060, 259
Trd, 004640.440, 250
Trd, 004655.740, 239.0
Trd, 004655.840, 279.0
Trd, 004655.920, 253.0
Trd, 004656.920, 260.0
Trd, 004657.120, 251
Trd, 004657.240, 254.0
Trd, 004657.960, 250
Trd, 004659.220, 240
Trd, 004660.840, 253
Trd, 004668.160, 272
Trd, 004671.200, 254
Trd, 004674.240, 278.0
Trd, 004674.480, 239.0
Trd, 004685.840, 279.0
Trd, 004686.060, 234.0
Trd, 004686.500, 241.0
Trd, 004686.560, 242.0
Trd, 004686.720, 249.0
Trd, 004686.800, 228
Trd, 004687.380, 257.0
Trd, 004687.540, 277
Trd, 004688.580, 281.0
Trd, 004688.880, 279
Trd, 004698.940, 267
Trd, 004700.320, 267
Trd, 004701.420, 261.0
Trd, 004715.980, 258
Trd, 004716.320, 246.0
Trd, 004716.500, 276
Trd, 004716.800, 256
Trd, 004717.380, 242
Trd, 004717.600, 252.0
Trd, 004717.820, 248.0
Trd, 004719.360, 249
Trd, 004719.840, 257.0
Trd, 004721.040, 262
Trd, 004723.800, 263
Trd, 004745.840, 231.0
Trd, 004745.860, 241.0
Trd, 004746.020, 271
Trd, 004746.300, 256.0
Trd, 004746.940, 254
Trd, 004747.440, 245.0
Trd, 004747.660, 241.0
Trd, 004748.120, 242
Trd, 004748.340, 260.0
Trd, 004748.560, 264
Trd, 004751.040, 260.0
Trd, 004776.100, 253
Trd, 004776.200, 251
Trd, 004776.360, 243.0
Trd, 004776.640, 241.0
Trd, 004776.760, 247.0
Trd, 004776.880, 251
Trd, 004779.260, 251.0
Trd, 004780.060, 252
Trd, 004780.500, 256.0
Trd, 004792.520, 256
Trd, 004799.780, 269
Trd, 004805.980, 274
Trd, 004806.500, 252.0
Trd, 004806.540, 243.0
Trd, 004806.580, 260
Trd, 004806.680, 269
Trd, 004807.420, 252
Trd, 004807.440, 267.0
Trd, 004808.820, 259.0
Trd, 004809.200, 263.0
Trd, 004809.360, 267.0
Trd, 004809.660, 242
Trd, 004816.000, 256
Trd, 004836.040, 276
Trd, 004836.060, 261
Trd, 004836.260, 250.0
Trd, 004836.340, 257
Trd, 004836.460, 265.0
Trd, 004837.480, 243.0
Trd, 004839.480, 242.0
Trd, 004841.480, 257
Trd, 004846.420, 258.0
Trd, 004849.380, 253.0
Trd, 004858.520, 240
Trd, 004865.900, 241.0
Trd, 004866.040, 277.0
Trd, 004866.320, 273.0
Trd, 004866.340, 255.0
Trd, 004866.480, 247
Trd, 004866.560, 250.0
Trd, 004866.800, 240.0
Trd, 004866.940, 247
Trd, 004867.980, 248
Trd, 004868.160, 255
Trd, 004870.000, 252
Trd, 004879.660, 243
Trd, 004883.200, 258.0
Trd, 004896.200, 208.0
Trd, 004896.280, 219.0
Trd, 004896.440, 235
Trd, 004896.560, 247.0
Trd, 004896.600, 254
Trd, 004896.780, 241
Trd, 004897.480, 241.0
Trd, 004898.300, 242.0
Trd, 004898.760, 241
Trd, 004899.780, 251.0
Trd, 004902.360, 258.0
Trd, 004902.500, 272
Trd, 004926.160, 280.0
Trd, 004926.220, 241
Trd, 004926.340, 250
Trd, 004926.420, 248
Trd, 004926.740, 276
Trd, 004927.000, 231
Trd, 004927.440, 248.0
Trd, 004927.620, 247
Trd, 004928.660, 256.0
Trd, 004930.060, 245.0
Trd, 004930.160, 257
Trd, 004931.100, 241.0
Trd, 004932.900, 233
Trd, 004956.160, 254
Trd, 004956.360, 244.0
Trd, 004956.480, 264.0
Trd, 004956.760, 256
Trd, 004957.000, 239.0
Trd, 004957.040, 258
Trd, 004957.520, 257
Trd, 004957.960, 256
Trd, 004958.640, 257.0
Trd, 004966.180, 256.0
Trd, 004967.160, 248
Trd, 004986.040, 246.0
Trd, 004986.140, 240.0
Trd, 004986.360, 279.0
Trd, 004986.580, 254
Trd, 004986.720, 220
Trd, 004986.900, 280.0
Trd, 004988.060, 257.0
Trd, 004988.080, 244
Trd, 004988.180, 261
