Trd, 000003.150, 58
Trd, 000004.963, 100
Trd, 000005.063, 80
Trd, 000006.763, 124
Trd, 000008.388, 127
Trd, 000013.475, 138
Trd, 000015.312, 124.0
Trd, 000016.975, 126
Trd, 000019.162, 107.0
Trd, 000020.425, 103.0
Trd, 000020.462, 104
Trd, 000025.300, 100
Trd, 000025.412, 100
Trd, 000026.150, 96
Trd, 000026.462, 99
Trd, 000028.850, 92
Trd, 000029.962, 92
Trd, 000030.437, 91
Trd, 000030.850, 91
Trd, 000033.525, 103
Trd, 000034.162, 97
Trd, 000035.687, 94
Trd, 000037.550, 95
Trd, 000037.900, 99
Trd, 000042.013, 109
Trd, 000042.638, 106
Trd, 000044.963, 114
Trd, 000046.013, 115
Trd, 000046.213, 112
Trd, 000048.250, 113
Trd, 000050.225, 119.0
Trd, 000052.613, 114
Trd, 000053.313, 115
Trd, 000054.713, 113
Trd, 000054.775, 107
Trd, 000055.175, 103.0
Trd, 000059.313, 105.0
Trd, 000060.163, 105
Trd, 000061.825, 105
Trd, 000063.425, 105.0
Trd, 000065.650, 98
Trd, 000067.900, 101
Trd, 000069.863, 105
Trd, 000073.463, 104
Trd, 000074.588, 102
Trd, 000075.188, 106.0
Trd, 000079.325, 105
Trd, 000080.388, 105
Trd, 000081.813, 104
Trd, 000082.388, 103.0
Trd, 000084.700, 102
Trd, 000085.513, 103
Trd, 000086.113, 102
Trd, 000087.663, 102
Trd, 000088.025, 103
Trd, 000088.613, 101
Trd, 000090.825, 101
Trd, 000092.788, 100
Trd, 000093.025, 101.0
Trd, 000094.250, 101
Trd, 000096.438, 102
Trd, 000096.900, 102
Trd, 000097.950, 106.0
Trd, 000100.125, 104
Trd, 000102.713, 101
Trd, 000102.750, 104
Trd, 000103.113, 101
Trd, 000105.725, 101
Trd, 000106.313, 100
Trd, 000108.675, 101.0
Trd, 000110.000, 98
Trd, 000114.325, 102
Trd, 000116.500, 103
Trd, 000116.688, 113
Trd, 000122.250, 103.0
Trd, 000123.438, 104
Trd, 000125.288, 102
Trd, 000126.125, 102
Trd, 000126.238, 101
Trd, 000126.250, 103
Trd, 000133.475, 99
Trd, 000134.638, 99
Trd, 000135.425, 98
Trd, 000139.413, 99
Trd, 000140.300, 100
Trd, 000142.750, 104.0
Trd, 000144.188, 101
Trd, 000144.438, 102
Trd, 000146.238, 99
Trd, 000148.875, 100
Trd, 000149.050, 97
Trd, 000151.187, 103
Trd, 000151.862, 98
Trd, 000154.687, 101
Trd, 000155.137, 101
Trd, 000158.550, 101.0
Trd, 000159.250, 103
Trd, 000162.412, 102
Trd, 000162.925, 101
Trd, 000163.850, 99
Trd, 000165.862, 101
Trd, 000167.037, 100
Trd, 000167.325, 99
Trd, 000168.587, 99
Trd, 000170.300, 100
Trd, 000173.787, 100
Trd, 000174.662, 100
Trd, 000177.500, 106.0
Trd, 000179.837, 104
Trd, 000183.087, 108
Trd, 000183.125, 107
Trd, 000186.050, 108
Trd, 000187.275, 109
Trd, 000190.875, 108
Trd, 000193.937, 109
Trd, 000195.512, 111
Trd, 000197.337, 110
Trd, 000198.250, 108
Trd, 000199.075, 108
Trd, 000199.187, 107
Trd, 000202.212, 108
Trd, 000202.800, 107
Trd, 000203.425, 103
Trd, 000203.550, 97
Trd, 000204.037, 102
Trd, 000204.850, 95
Trd, 000209.950, 98
Trd, 000211.025, 97
Trd, 000213.312, 95
Trd, 000213.950, 94
Trd, 000216.350, 94
Trd, 000216.375, 101.0
Trd, 000216.500, 107
Trd, 000217.862, 96
Trd, 000220.150, 98
Trd, 000223.850, 95
Trd, 000225.512, 92
Trd, 000228.887, 89
Trd, 000229.012, 91
Trd, 000230.112, 94
Trd, 000232.850, 93
Trd, 000232.887, 96.0
Trd, 000232.987, 106
Trd, 000235.312, 91
Trd, 000238.100, 97
Trd, 000239.337, 96
Trd, 000240.712, 97
Trd, 000241.950, 97
Trd, 000244.900, 101
Trd, 000246.162, 105.0
Trd, 000247.087, 100
Trd, 000250.250, 99
Trd, 000251.250, 101.0
Trd, 000252.050, 106.0
Trd, 000256.575, 105
Trd, 000256.762, 104
Trd, 000257.475, 103.0
Trd, 000260.400, 102
Trd, 000260.887, 101
Trd, 000262.250, 102
Trd, 000262.337, 103
Trd, 000262.412, 106.0
Trd, 000262.537, 114
Trd, 000267.237, 99
Trd, 000268.612, 99
Trd, 000270.587, 99
Trd, 000271.437, 99
Trd, 000274.287, 103
Trd, 000278.775, 105
Trd, 000279.250, 105.0
Trd, 000280.525, 104.0
Trd, 000281.112, 103.0
Trd, 000281.287, 103
Trd, 000282.550, 97
Trd, 000282.875, 102
Trd, 000284.937, 114
Trd, 000286.637, 119.0
Trd, 000289.312, 123
Trd, 000292.187, 113
Trd, 000292.550, 112
Trd, 000295.712, 111
Trd, 000296.600, 107
Trd, 000298.362, 102
Trd, 000300.987, 99
Trd, 000302.687, 98
Trd, 000303.037, 98
Trd, 000303.637, 97
Trd, 000304.925, 98
Trd, 000304.937, 97
Trd, 000306.775, 96
Trd, 000308.162, 95
Trd, 000308.275, 94
Trd, 000309.925, 98
Trd, 000311.537, 97
Trd, 000312.275, 101.0
Trd, 000314.837, 98
Trd, 000315.500, 99
Trd, 000316.625, 99
Trd, 000318.750, 98
Trd, 000322.875, 97
Trd, 000326.725, 98
Trd, 000330.912, 96
Trd, 000331.262, 98
Trd, 000334.075, 99
Trd, 000334.187, 98
Trd, 000337.987, 99
Trd, 000340.375, 103
Trd, 000340.775, 106
Trd, 000341.612, 106.0
Trd, 000344.725, 113
Trd, 000345.600, 108
Trd, 000347.500, 108
Trd, 000348.550, 108
Trd, 000348.562, 107
Trd, 000349.700, 104
Trd, 000351.250, 104
Trd, 000358.200, 102
Trd, 000359.362, 102
Trd, 000360.200, 102
Trd, 000361.262, 100
Trd, 000361.475, 101
Trd, 000361.800, 101
Trd, 000362.900, 102
Trd, 000363.150, 101
Trd, 000363.437, 99
Trd, 000364.025, 103
Trd, 000367.462, 97
Trd, 000369.100, 98
Trd, 000371.462, 99
Trd, 000371.850, 100
Trd, 000376.875, 100
Trd, 000378.450, 99
Trd, 000378.512, 98
Trd, 000378.837, 98
Trd, 000379.862, 97
Trd, 000381.000, 95
Trd, 000382.700, 97
Trd, 000382.975, 97
Trd, 000383.675, 97
Trd, 000384.500, 95
Trd, 000388.800, 101.0
Trd, 000390.875, 102
Trd, 000392.087, 100
Trd, 000395.625, 98
Trd, 000396.125, 98
Trd, 000398.575, 93
Trd, 000398.787, 94
Trd, 000402.275, 92
Trd, 000402.975, 92
Trd, 000404.812, 96.0
Trd, 000408.875, 103
Trd, 000412.975, 108.0
Trd, 000413.150, 108
Trd, 000413.275, 107
Trd, 000414.062, 106
Trd, 000415.075, 107
Trd, 000416.537, 107
Trd, 000416.712, 106
Trd, 000417.312, 106
Trd, 000418.375, 106
Trd, 000419.062, 107
Trd, 000426.262, 105
Trd, 000428.750, 105.0
Trd, 000428.775, 106
Trd, 000430.762, 106
Trd, 000431.587, 106
Trd, 000432.525, 106.0
Trd, 000433.887, 114
Trd, 000434.850, 114
Trd, 000435.750, 119.0
Trd, 000439.312, 114
Trd, 000439.450, 113
Trd, 000442.137, 107
Trd, 000442.750, 104.0
Trd, 000443.137, 103.0
Trd, 000445.250, 103
Trd, 000446.562, 100
Trd, 000448.887, 97
Trd, 000449.012, 98
Trd, 000449.962, 97
Trd, 000454.087, 97
Trd, 000454.325, 98
Trd, 000456.287, 97
Trd, 000456.962, 96
Trd, 000457.562, 97
Trd, 000459.400, 101.0
Trd, 000463.300, 98
Trd, 000466.175, 95
Trd, 000467.400, 93
Trd, 000468.812, 94
Trd, 000468.900, 93
Trd, 000469.112, 96
Trd, 000471.237, 103
Trd, 000472.787, 100
Trd, 000475.250, 104.0
Trd, 000476.550, 103
Trd, 000476.937, 106.0
Trd, 000478.050, 109
Trd, 000481.212, 110
Trd, 000481.450, 110
Trd, 000483.812, 110
Trd, 000487.200, 108
Trd, 000487.700, 103.0
Trd, 000488.625, 99
Trd, 000492.487, 107
Trd, 000493.162, 105
Trd, 000493.750, 106
Trd, 000495.075, 105
Trd, 000498.350, 104
Trd, 000501.200, 99
Trd, 000501.950, 97
Trd, 000502.075, 98
Trd, 000503.337, 96
Trd, 000503.487, 95
Trd, 000505.612, 94
Trd, 000506.200, 94
Trd, 000508.350, 101.0
Trd, 000508.712, 100
Trd, 000509.587, 101
Trd, 000510.675, 103
Trd, 000511.087, 101
Trd, 000512.912, 102
Trd, 000513.675, 102
Trd, 000516.862, 103
Trd, 000519.337, 101
Trd, 000521.975, 100
Trd, 000522.700, 101.0
Trd, 000523.287, 100
Trd, 000524.587, 101
Trd, 000524.712, 100
Trd, 000526.900, 103
Trd, 000529.262, 106.0
Trd, 000530.075, 110
Trd, 000532.012, 102
Trd, 000535.425, 100
Trd, 000539.937, 100
Trd, 000540.300, 101
Trd, 000540.900, 101
Trd, 000541.362, 101
Trd, 000542.262, 100
Trd, 000542.812, 103
Trd, 000542.950, 100
Trd, 000544.300, 103.0
Trd, 000547.475, 101
Trd, 000549.612, 103
Trd, 000550.150, 103
Trd, 000550.687, 103
Trd, 000551.237, 103
Trd, 000552.000, 102
Trd, 000553.950, 101
Trd, 000555.725, 102
Trd, 000562.962, 100
Trd, 000563.787, 100
Trd, 000563.962, 99
Trd, 000566.250, 100
Trd, 000567.312, 100
Trd, 000567.350, 97
Trd, 000567.650, 98
Trd, 000568.475, 103
Trd, 000568.875, 95
Trd, 000575.750, 101
Trd, 000576.925, 101
Trd, 000577.887, 103
Trd, 000577.937, 106.0
Trd, 000583.812, 106
Trd, 000584.375, 104
Trd, 000585.175, 105
Trd, 000587.437, 105
Trd, 000589.400, 105
Trd, 000589.550, 104
Trd, 000590.037, 102
Trd, 000598.362, 105
Trd, 000598.637, 105
